2876 4700
662 194 908 271 ...3n.„

222 369 321 440 venis
363 369 417 437 vel
464 367 656 461 Hyacinthi
699 367 938 458 exstitisset&
959 369 1058 446 Haec
1082 385 1161 448 ¹'suo
1203 371 1338 464 ingenio

222 481 404 574 scripsisse
427 482 727 574 elegantissImum
750 497 891 574 poetam
912 482 1339 568 censebimuslhlinime,

221 596 281 665 sed
313 597 473 666 nondum
504 618 559 668 res
587 596 745 670 conlecta
776 614 837 666 est.
862 598 958 689 :Age
978 616 1118 672 mecum
1148 598 1333 678 considera
1418 639 1419 648 κ

221 711 366 780 alteram
396 734 539 804 quoque
576 711 751 797 fabulam,
787 733 858 802 qua
897 711 1076 802 hyacinthi
1119 713 1294 806 originem
1323 736 1344 782 e

222 822 386 913 Spartani
417 825 652 896 adulescentis
679 825 1121 917 sanguine‚repetivit.-,X
1149 828 1213 900 162
1243 849 1336 917 seqq.

311 939 364 1008 En
396 940 540 1030 Apollo,
580 939 643 1032 qui
668 939 818 1009 invitam
849 938 985 1009 iuvenis
1012 958 1165 1012 mortem
1190 963 1341 1032 conque·

220 1073 300 1120 rens
334 1075 415 1122 cum
447 1053 515 1139 alia
546 1071 623 1124 tum
654 1053 738 1124 haec
769 1053 853 1123 edit.
875 1079 893 1150 ελ
911 1075 992 1142 204.
1121 1039 1122 1042 ¹

290 1255 415 1329 Semper
434 1254 492 1311 eris
511 1271 630 1312 mecum
649 1253 838 1328 memorique
858 1251 994 1314 haerebis
1014 1245 1048 1310 in¹
1064 1269 1128 1324 ore,

289 1339 333 1395 Te
353 1339 416 1408 lyra
436 1338 520 1414 pulsa
540 1356 643 1412 manu,
663 1353 692 1397 te
711 1338 846 1414 carmina
865 1351 967 1395 nostra
987 1339 1147 1395 sonabunt

294 1423 424 1497 Flosque
450 1440 549 1481 novus
574 1425 685 1500 scripto
707 1424 838 1503 gemitus
866 1417 1021 1478 imitabere
1037 1433 1170 1479 nostros
1190 1424 1270 1508 (γιγρ
1271 1443 1324 1502 ap·

900 1513 969 1593 μένα
989 1513 1160 1576 eontanas.
1186 1513 1296 1590 Eupb.)

290 1601 456 1696 Tempus
476 1614 511 1659 et
531 1599 632 1658 illud
653 1601 737 1674 erit,
756 1619 833 1676 quo
853 1621 893 1662 se
911 1603 1153 1661 tortissImus
1173 1604 1283 1664 heros

289 1683 445 1741 Addat
438 1702 477 1743 tn
496 1685 590 1741 hunc
609 1682 745 1742 florem
765 1683 947 1761 folioque
966 1687 1128 1763 legatur
1146 1689 1292 1746 eodem

309 1859 442 1929 Iterum
473 1859 579 1952 igitur
610 1858 794 1928 artissimis
825 1860 941 1930 verbis
975 1862 1168 1946 contrarias
1195 1859 1272 1934 illas
1295 1863 1335 1934 de

218 1973 353 2064 origine
370 1973 549 2064 hyacinthi
566 1972 703 2042 fabulas
719 1973 901 2065 deinceps
914 1994 1182 2046 commemorat

307 2101 434 2192 Neque
459 2117 576 2170 tamen
605 2099 677 2169 ulla
705 2098 1019 2191 probabiliscausa
1043 2103 1189 2193 cogitari
1210 2123 1336 2218 potest,

217 2236 280 2284 cur
313 2215 367 2284 bis
401 2214 613 2284 contrariae·
635 2213 684 2284 rei
718 2215 937 2285 mentionem
969 2217 1136 2290 ioecerit:
1179 2211 1337 2308 quaestio

216 2329 410 2400 certissima
437 2330 572 2399 ratione
605 2327 687 2397 inde
718 2328 914 2419 expeditur,
956 2331 1055 2422 quod
1093 2328 1341 2422 Euphorionis

218 2457 360 2514 carmen
404 2465 469 2535 pro
506 2442 697 2534 exemplari
736 2441 871 2513 Ovidio
923 2443 1001 2514 fuit.
1050 2442 1167 2516 Sitnul
1207 2461 1338 2529 autem,

216 2579 259 2626 ne
296 2558 363 2627 hoc
399 2557 688 2648 praetermittam,
714 2557 877 2652 apparuit
908 2559 1021 2627 multo
1057 2558 1218 2636 callidius
1245 2558 1337 2630 -Ovi-

216 2671 317 2740 dium
351 2671 417 2740 hoc
455 2672 533 2741 loco
577 2693 684 2762 quam
726 2671 844 2762 priore
891 2671 1135 2745 difficultatem
1175 2671 1338 2757 evitasse,

137 2861 138 2866 ἵ
216 2808 305 2877 quae
330 2786 648 2879 inconiungendis
671 2807 818 2877 prorsus
845 2786 1091 2878 inaequalibus
1121 2785 1340 2878 argumentis

215 2901 387 2971 obstabat.
437 2900 568 2971 Melius
590 2921 667 2990 -per
698 2923 762 2969 ora
791 2899 850 2970 dei
887 2899 997 2970 futuri
1031 2899 1203 2990 temporis
1239 2922 1340 2990 prae-

216 3015 291 3106 sagi
320 3015 456 3085 editum
488 3015 693 3085 vaticinium
729 3014 818 3084 illud
855 3015 973 3106 fingit,
1015 3037 1033 3083 e
1067 3037 1140 3104 quo
1177 3014 1276 3085 Aiax·
1296 3053 1342 3066 —-

216 3131 244 3198 is
281 3131 378 3238 enirn
410 3148 462 3200 est
507 3129 721 3199 fortissimus
761 3130 865 3203 heros
904 3169 947 3180 -
984 3129 1019 3198 in
1062 3129 1216 3198 eundem
1254 3129 1341 3220 hya-

215 3249 377 3318 cinthum
408 3247 595 3316 additurus
623 3268 698 3315 sese
728 3261 827 3314 esset.
896 3329 898 3334 ¹
967 3247 970 3251 ’
1130 3233 1135 3242 ’

304 3376 356 3446 De
390 3391 503 3443 morte
532 3371 651 3441 Aiacis
675 3369 795 3458 (Ovid.
820 3369 911 3438 XIII
940 3371 1073 3462 391)ex
1091 3370 1340 3462 Euphorionis

216 3488 476 3580 «Hyacintho»
521 3509 614 3555 unus
651 3496 775 3555 versus
825 3484 928 3552 nobis
971 3485 1133 3554 traditur.
1189 3485 1340 3577 Fragm.

217 3603 260 3671 38
291 3601 341 3668 M.

301 3745 412 3834 πλευρά
440 3765 473 3806 τε
501 3739 552 3805 καὶ
578 3739 696 3830 θώρηκα
723 3731 851 3830 διήρικεν
881 3736 951 3802 ἰνίου
979 3734 1077 3829 ἄχρις.

303 3905 494 3998 Hyacinthi
522 3902 726 3995 cognomini
756 3901 842 3971 flore
871 3901 995 3970 mutati
1026 3898 1234 3990 Apollinem
1258 3924 1342 3973 esse

228 4040 404 4092 auctorem
440 4043 510 4090 una
541 4037 592 4088 est
616 4036 649 4088 et
685 4016 909 4086 consentiens
945 4010 1176 4106 scriptorum
1196 4015 1337 4104 opinio

216 4137 299 4226 Qua
339 4138 382 4204 de
422 4158 460 4205 re
486 4157 557 4203 non
588 4133 624 4201 in
654 4155 695 4202 eo
723 4121 977 4200 offendendum
1007 4146 1074 4210 est,
1111 4129 1206 4219 quod
1237 4133 1341 4221 apud
