2824 4700
542 195 886 332 '-5o-

720 523 821 624 'le
883 601 886 606 -
968 547 970 552 ’

271 782 595 902 Euphorionem
629 783 814 875 diversas
829 889 831 892 ¹
845 765 1011 874 fabulas
1040 776 1256 875 inunum

628 967 892 1062 conflavisse.

295 1230 481 1322 Euphorio
520 1248 558 1300 ut
596 1233 638 1312 ad
672 1232 840 1301 obscuras
886 1233 1154 1323 reconditasque
1193 1233 1335 1302 fabulas

172 1421 175 1425 ,
205 1345 467 1435 investigandas
500 1347 651 1415 multum
675 1345 789 1416 studii
820 1348 982 1433 contulit,
1007 1347 1053 1416 ita
1077 1347 1111 1416 in
1137 1349 1331 1417 tractandis

204 1459 275 1528 illis
306 1480 396 1550 quae
434 1458 593 1528 diversae
632 1460 675 1528 de
713 1460 929 1549 quibusdam
964 1461 1069 1532 rebus
1107 1459 1334 1530 circumfere-

205 1574 333 1642 bantur
370 1572 600 1658 narrationes,
631 1573 748 1663 aliqua
790 1574 925 1643 ratione
962 1575 1053 1644 inter
1082 1598 1118 1643 se
1149 1594 1333 1648 conectere

204 1688 235 1756 ei
265 1687 406 1778 saepius
438 1687 580 1777 placuit.
615 1687 685 1758 Sed
715 1689 820 1758 etiam
846 1673 1106 1780 vulgariotihus
1131 1689 1259 1759 fabulis
1290 1715 1332 1759 ea

205 1799 383 1869 interdum
407 1799 617 1896 admiscuit,
644 1824 734 1891 quae
762 1801 851 1872 nihil
878 1803 921 1872 ad
949 1825 1006 1871 eas
1029 1803 1246 1894 pertinerent
1270 1823 1332 1872 aut

205 1913 376 2006 singulari
407 1914 553 1984 audacia
582 1916 667 1987 haec
695 1918 748 1985 vel
781 1917 840 1984 illa
863 1917 1106 1986 commutavit.
1142 1918 1195 1986 Ita
1220 1917 1330 1991 histo-

205 2029 294 2098 riam
324 2029 367 2096 de
390 2027 586 2120 -Iphigenia
617 2051 700 2100 enm
731 2053 749 2098 e
782 2030 921 2098 duabus
956 2029 1085 2100 fabulis
1120 2031 1331 2102 conflavisse

203 2141 449 2212 Wilamowitz
476 2143 630 2212 ostendit
652 2146 797 2231 (Herm.
832 2143 868 2213 in
898 2145 967 2212 vol.
1003 2144 1055 2228 18,
1084 2147 1163 2234 259.
1192 2181 1238 2196 -
1263 2144 1326 2212 cf.

202 2279 283 2349 pag.
321 2260 396 2344 15);
437 2257 483 2326 ita
520 2258 693 2348 originem
735 2247 915 2350 hyacinthi
955 2276 989 2328 et
1026 2258 1153 2328 aconiti
1193 2259 1327 2350 duplici

205 2371 340 2440 tatione
369 2371 413 2440 ab
442 2394 483 2439 eo
517 2353 693 2440 narratam
720 2352 889 2440 vidimus
922 2364 1014 2463 (pag.
1051 2373 1172 2461 31-34)
1212 2373 1330 2442 Porro

204 2485 385 2574 quomodo
402 2483 543 2554 oracula
560 2484 632 2552 duo
658 2463 839 2581 quondam
870 2483 1015 2554 Priamo
1046 2485 1140 2554 edita
1172 2485 1266 2556 inter
1291 2510 1329 2554 se

204 2597 414 2682 confuderit,
440 2599 585 2689 exposui
614 2620 694 2691 pag.
728 2623 767 2689 17
787 2622 859 2689 seq.
888 2599 1067 2690 Quintum
1093 2601 1198 2679 huius
1215 2604 1329 2672 moris

203 2710 403 2800 exemplum
436 2710 492 2778 hic
530 2710 658 2780 habes:
697 2710 833 2802 (fragm.
873 2713 936 2797 148
966 2713 1043 2801 M.).
1078 2713 1198 2786 Schol.
1233 2717 1330 2787 enim

204 2824 324 2916 Apoll.
344 2825 413 2894 Rh.
426 2825 461 2893 II
479 2827 551 2914 459
566 2825 648 2894 haec
665 2824 729 2893 ait:
749 2825 799 2891 τὸν
813 2817 846 2890 δὲ
863 2805 986 2898 Πέλοπα
1000 2827 1186 2920 Παφλαγόνα
1200 2829 1237 2894 τὸ
1248 2831 1332 2920 γένος

204 2935 280 3006 εἶπεν
306 2963 312 2976 ·
334 2935 423 3005 ἄλλοι
439 2931 473 3005 δὲ
488 2931 584 3005 Λυδὸν
606 2940 694 3006 αὺτὸν
719 2939 879 3031 ἱστοροῦσιν
898 2945 926 3022 ,ὁ
942 2932 976 3007 δὲ
992 2941 1137 3033 Ehpopiuu
1152 2943 1336 3036 ἀμφοτέραις

205 3060 275 3130 ταῖς
291 3045 398 3144 ’δόξαις
420 3051 594 3120 συντίθεται.
618 3051 759 3144 Apertis
781 3054 898 3122 verbis
919 3055 1107 3124 scholiasta
1127 3057 1333 3146 Euphorio-

207 3191 287 3238 nem
305 3167 548 3236 dissentientes
567 3167 610 3236 de
630 3190 756 3258 genere
782 3168 926 3259 Pelopis
947 3168 1134 3260 opiniones
1154 3170 1198 3240 ad
1223 3163 1331 3241 unam

206 3281 306 3372 quasi
325 3281 583 3370 conglutinasse
601 3295 759 3350 testatur:
779 3283 888 3373 Quod
906 3283 967 3373 qui
985 3284 1118 3370 fecerit,
1138 3285 1331 3356 nescimus.

208 3398 333 3484 Neque
361 3415 444 3462 vero
472 3394 654 3464 Meinekio
679 3396 850 3486 astipulor
874 3398 1010 3488 putanti
1033 3399 1068 3469 in
1099 3400 1208 3468 altero
1223 3423 1333 3492 opere

207 3509 378 3599 Pelopem
406 3507 450 3577 ab
483 3508 712 3599 Euphorione
742 3511 897 3601 Lydum,
922 3513 956 3581 in
985 3493 1094 3581 altero
1127 3513 1331 3605 Paphlago-

206 3645 287 3691 nem
317 3620 517 3690 dictitatum
548 3645 634 3692 esse.
685 3624 801 3694 Immo
841 3642 985 3715 propter
1023 3624 1194 3694 disertum
1227 3628 1332 3696 scho-

206 3735 326 3804 liastae
356 3735 601 3805 testimonium
628 3753 661 3806 et
684 3737 955 3808 similitudinem
986 3739 1138 3808 aliorum
1167 3739 1328 3810 locorum

206 3871 225 3917 a
255 3849 425 3918 sententia
450 3849 516 3919 viri
549 3849 742 3919 doctissimi
773 3852 951 3923 discedere
982 3853 1154 3944 cogimur.

297 3967 348 4034 De
370 3964 600 4034 celeberrimo
620 3966 798 4056 Apollinis
820 3965 954 4057 Grynei
976 3988 1120 4036 nemore
1141 3968 1331 4059 Euphorio

206 4102 289 4150 cum
312 4080 379 4149 alia
408 4078 604 4164 tradiderit,
630 4095 706 4147 tum
736 4097 912 4150 certamen
934 4082 1021 4151 illud
1040 4081 1131 4151 inter
1156 4083 1331 4156 Calchan-

49 4206 53 4210 ’
141 4247 143 4250 -
207 4213 279 4265 tem
295 4212 348 4264 et'
374 4196 543 4283 Mopsum
575 4193 655 4262 inde
680 4196 863 4282 transtulit
885 4195 963 4265 aliis
987 4177 1193 4266 auctoribus
1219 4201 1334 4272 ali-um
