2824 4700
639 273 857 349 ..3...

184 447 228 515 de
255 447 478 538 gladio-dicit
506 451 762 540 quodHector
789 451 925 520 donum
952 450 1053 520 Aiaci
1075 451 1232 530 dederat.
1264 456 1315 538 Et

129 623 130 626 ,
184 561 251 629 hoc
279 584 422 653 quoque
453 563 598 634 forsitan
624 587 642 633 ε
669 586 704 634 re
733 587 809 636 esse
838 562 961 656 possit,
992 565 1088 654 quod
1119 565 1312 656 Lycophro

185 694 305 745 vocem
324 670 436 757 ,δάιοςι
456 701 536 748 eum
555 679 638 750 aiibi
656 697 733 748 tum
753 679 789 747 in
807 702 848 757 ea
863 678 1029 758 carminis
1047 695 1145 770 parte
1165 680 1310 766 habeat,

183 789 244 860 ubi
279 791 322 860 de
354 791 512 862 Hectore
554 793 792 863 Cassandram
833 795 1088 862 lamentantem·
1114 793 1240 877 saciat,
1274 817 1309 872 v.

184 904 252 992 259
277 925 373 993 seqq.
519 999 522 1010 Ι
848 981 852 988 ,
1191 910 1199 925 “
1229 983 1234 991 ι

273 1053 305 1118 7.
334 1030 518 1120 Euphorio
544 1032 707 1100 Medeam
733 1031 893 1101 nominat
920 1024 1080 1104 Κυτηϊάδα
1111 1032 1165 1101 vel
1191 1032 1312 1126 potius

182 1145 334 1217 Κυταικὴν
357 1143 495 1236 (fragm.
523 1169 575 1213 10.
597 1144 659 1214 cfr.
679 1145 883 1215 Kaibelium
908 1145 944 1214 in
970 1147 1095 1215 Herm.
1115 1143 1183 1212 vol.
1202 1143 1311 1212 XXII

184 1259 280 1346 507.)
304 1249 350 1325 ex
378 1256 574 1327 imitatione
600 1258 846 1348 Lycophronis
863 1257 909 1344 (r.
943 1261 1038 1348 174):
1064 1257 1116 1322 τὸν
1142 1256 1313 1348 [aetitiam.-

181 1393 233 1459 ρον
256 1372 371 1441 εὐνέτην
391 1381 559 1455 Korna-asie,
587 1381 640 1449 τῆς
672 1365 876 1462 ξεινοβάκχης.
1051 1463 1054 1470 Ι

270 1501 304 1569 8.
331 1498 477 1570 Omisso
507 1494 618 1570 terrae
643 1501 816 1570 vocabulo
843 1500 1029 1592 Lycophro
1062 1499 1225 1568 similiter
1257 1517 1310 1567 at-

180 1597 249 1701 que
276 1612 363 1682 dixit
389 1615 570 1683 Homerus
586 1624 617 1681 Ξ.
648 1615 729 1698 308,
746 1601 782 1682 υ.Ι
800 1615 846 1705 98
875 1615 1023 1706 ,τρυφερά
1042 1635 1117 1712 pro
1143 1615 1309 1704 eoquod

176 1743 234 1794 est
265 1737 305 1818 γῆ
333 1709 471 1822 τραφερή,
503 1751 535 1795 r.
569 1731 638 1816 408
671 1729 867 1796 orationem
892 1727 1147 1796 conformavit:

268 1842 371 1907 άπασα
385 1831 497 1934 'idam
513 1835 630 1919 δέξεται
660 1842 864 1934 κωκυμάτων,

269 1959 341 2030 ὅσην
371 1959 498 2051 ’Άραιθος
523 1961 603 2035 ἐντὸς
627 1951 682 2033 ἡδὲ
709 1951 856 2042 δύσβατοι

235 2083 237 2088 ’
268 2072 437 2164 Λειβῆθριαι
466 2070 623 2165 σφίγγουσι
651 2071 763 2139 Δωτίου
791 2072 894 2138 πάλαι.
1034 2145 1037 2150 Δ

182 2183 292 2273 Quod
318 2189 518 2278 exemplum
550 2205 688 2257 secutus
720 2186 919 2276 estEuph.
953 2185 986 2254 in
1013 2185 1137 2276 fragm.
1167 2188 1222 2276 78.

270 2305 430 2389 Φοιταλέος
455 2305 542 2380 δ’άνά
563 2318 662 2379 πᾶσαν
687 2305 763 2412 άδιγν
788 2312 919 2384 ἐπάτησε
944 2312 1081 2403 κοθόρνῳ·
1100 2311 1180 2383 vide
1198 2313 1306 2382 Kaib.

182 2428 246 2495 loc.
274 2428 331 2496 cit.
643 2409 647 2416 ¹

270 2577 303 2644 9.
331 2552 494 2623 Glossam
524 2547 620 2630 καύηξ
654 2577 745 2644 quae
775 2570 854 2622 ante
890 2552 1175 2644 Lycophronem·
1200 2554 1308 2619 semel

182 2667 276 2756 apud
318 2667 581 2758 Hipponactem
616 2684 748 2752 exstat,
777 2668 917 2758 (fragm.
956 2668 989 2754 a)
1028 2683 1173 2755 uterque
1206 2682 1311 2756 poeta
1399 2751 1400 2764 ρ

180 2777 248 2848 sibi
273 2779 447 2870 permisit,
473 2781 530 2850 ille
557 2780 590 2849 in
610 2805 644 2848 ν.
663 2763 848 2872 4ο5,·74ι,
875 2782 954 2872 789.
984 2780 1039 2848 hic
1065 2779 1099 2848 in
1117 2779 1242 2871 fragm.
1263 2782 1310 2848 88
1399 2777 1400 2782 ’

402 2905 455 2970 τῆς
485 2888 547 2961 οὐδ’
580 2895 687 2970 αἴθυιαι
717 2889 785 2961 οὐδὲ
809 2895 919 2987 κρυεροὶ
948 2896 1086 2970 καάκκες.

277 3046 328 3091 ιο.
355 3022 475 3092 Verbo
499 3017 644 3116 πρηνίζιιν
669 3021 863 3092 cuiusvis,
880 3028 931 3090 est
956 3021 990 3089 in
1016 3038 1144 3090 terram
1174 3023 1311 3110 praeci-

180 3135 292 3226 pitare
323 3138 511 3227 Lycophro
536 3137 646 3206 utitur
676 3131 707 3205 ν’.
748 3139 846 3206 1005.

268 3264 375 3330 πολλοὶ
405 3257 438 3330 δὲ
468 3265 591 3357 Ιπρόσθεν
619 3273 710 3356 γαῖαν
740 3269 774 3332 ἐκ
804 3265 898 3340 κείνης
922 3255 998 3340 ὀδὰξ

269 3382 396 3478 δάψουσι
428 3391 642 3482 πρηνιγθέντες.
674 3393 778 3464 Unde
804 3391 990 3483 Euphorio
1014 3392 1138 3459 urbem
1163 3383 1310 3481 πρηνίζειν

179 3505 276 3589 dicit,
302 3505 426 3596 fragm.
465 3508 504 3573 16
536 3505 569 3574 in
603 3509 696 3577 fine:
734 3513 749 3572 ὁ
775 3500 808 3574 δὲ
838 3506 983 3599 Εὐφορίων
1022 3508 1076 3570 οὐκ
1110 3503 1196 3596 ὀρθῶς
1226 3504 1309 3593 λέγει

109 3635 113 3644 ’
179 3619 243 3711 περὶ
271 3629 323 3685 τοῦ
352 3621 501 3704 Διονύσου,
539 3623 588 3686 ὅτι
615 3629 684 3697 ταῖς
712 3620 890 3714 γυναικείαις
918 3613 1035 3696 τάξεσιν
1063 3617 1310 3710 ἐγκελευσάμενος

180 3726 310 3824 ε’πρνξνιξσ
339 3736 392 3806 τὴν
422 3725 640 3825 Εὐρυμέδοντος
669 3733 769 3801 πόλιν.

275 3883 326 3927 11.
355 3859 593 3929 Rarissimam
621 3861 769 3930 verbum
799 3859 858 3950 ψίω
881 3879 1033 3950 uterque
1060 3876 1241 3949 nuncupat
1265 3860 1308 3926 de

180 3991 285 4036 sensu
321 3970 497 4039 tantillum
535 3971 750 4064 discrepans.
799 3975 884 4064 Lyc.
922 3995 956 4040 v,
987 3971 1087 4063 ὅλοι
1108 3974 1140 4036 οὐ
1173 3969 1230 4061 γάρ
1263 3995 1309 4045 τις

65 4087 73 4102 ’
179 4086 276 4149 αὐτῶν
295 4081 534 4176 discretissimos
553 4085 664 4178 γνάθω,
681 4087 714 4155 in
738 4086 1030 4178 significationem
1056 4083 1152 4154 verbi
1175 4085 1328 4184 pedester

181 4196 319 4287 accipit.
369 4198 485 4288 Euph.
522 4198 647 4289 fragm.
688 4203 725 4267 51
757 4201 836 4268 M.:
862 4205 959 4282 λευκῷ
997 4199 1029 4264 σ’
1052 4197 1141 4288 ἔψισα
1172 4197 1312 4290 γάλακτι
