2876 4700
658 289 803 364 ...52
854 333 901 344 ..

222 457 315 528 Vero
338 477 463 534 ¹nutem
493 475 663 552 responso
686 462 768 531 dato
794 462 945 554 Mopsus
969 485 1090 534 rursus
1110 463 1346 536 Calchantem

221 573 369 666 rogavit,
399 575 489 664 quot
523 575 657 644 catulos
687 575 832 667 gravida
863 599 924 646 sus
954 577 988 646 in
1023 596 1143 648 ventre
1176 578 1343 648 haberet:

220 687 263 756 ad
295 687 391 777 quod
422 709 505 758 curn
536 689 623 760 nihil
653 690 869 780 respondere
910 709 1041 783 posset,
1070 713 1209 764 mem-or
1239 689 1347 760 simul

221 801 353 870 oraculi
384 802 511 872 vetusti
537 803 632 874 diem
658 803 758 874 obiit.
791 805 826 876 ls
849 805 946 876 enim
972 829 1099 876 sensus
1124 805 1245 876 subest
1268 827 1349 874 ver·

222 915 273 984 bis
303 916 550 1008 Lycophronis
578 938 610 986 v.
644 938 715 1005 424

307 1054 446 1144 Τρισσούς
477 1047 511 1121 δὲ
539 1057 721 1146 ταρχύσουσι
750 1058 904 1149 Κερκάρου
932 1058 1035 1139 νάπαι,

305 1169 448 1246 ’Δλιντος
477 1171 532 1237 οὐκ
563 1167 661 1238 άπωθε
688 1173 821 1250 καύηιιας
843 1177 955 1253 ποτῶν,

306 1283 358 1350 τὸν
389 1285 441 1376 μὶν
466 1281 725 1373 (Calchantem)
755 1292 913 1352 Μολοσσοῦ
945 1289 1067 1363 Κυπέοις
1094 1287 1204 1354 Κοίτου
1219 1289 1345 1368 κύκνον,

306 1399 373 1475 συὸς
394 1399 668 1492 παρατλαγχθέντα
689 1399 806 1477 θηλείας
828 1401 938 1479 τόκων,

309 1515 355 1580 ὅτ’
383 1512 421 1589 εἰς
450 1513 578 1582 ὀλύνθων
606 1505 689 1607 δῆριν
717 1516 844 1592 ἑλκύσας
876 1519 994 1607 σοφὴν
1092 1583 1094 1586 .

307 1626 357 1691 τὸν
388 1623 665 1718 άνθάμιλλον,
699 1627 788 1704 αὐτὸς
812 1630 846 1693 ἐκ
872 1627 1086 1720 μαντευμάτων

307 1739 426 1831 σφαλεὶς
456 1739 547 1808 ἰαύσει
575 1742 627 1808 τὸν
658 1744 838 1835 μεμορμένον
863 1745 992 1835 πότμον.

309 1899 341 1983 e)
356 1895 543 1986 Euphorio
563 1895 718 1987 denique
744 1896 810 1966 hoc
837 1897 945 1967 modo
963 1917 1037 1966 rem
1053 1935 1096 1947 -
1120 1895 1156 1964 in
1180 1895 1347 1986 quintoe

221 2010 390 2079 sententia
414 2009 582 2080 Meinekii
607 2009 812 2082 Chiliadum
826 2010 918 2098 libro
936 2050 972 2062 -
996 2009 1192 2101 explicavit.
1213 2007 1344 2100 fragm.
1424 2065 1425 2100 γ

218 2126 263 2212 46
297 2125 333 2193 in
367 2121 446 2195 fine'.
483 2126 524 2194 ln
556 2148 629 2218 quo
663 2127 743 2197 luco
769 2127 818 2216 (h.
851 2149 882 2195 e.
916 2125 952 2194 in
986 2146 1130 2194 nemore
1162 2124 1347 2216 Apollinis
1424 2103 1425 2182 l

222 2237 374 2328 Grynei)
408 2237 601 2330 aliquando
641 2238 789 2309 Calchas
829 2254 863 2308 et
899 2240 1049 2330 Mopsus
1090 2237 1257 2307 dicuntur
1301 2237 1348 2306 de

221 2352 346 2443 peritia
376 2352 589 2422 vaticinandi
615 2352 706 2422 inter
737 2375 773 2422 se
802 2369 977 2422 certamen
1009 2351 1175 2422 habuisse
1201 2367 1346 2420 etcum

218 2465 262 2532 de
292 2484 483 2553 pomorum
512 2461 649 2532 arboris
680 2463 864 2533 cuiusdam
895 2463 1146 2533 contenderent
1176 2481 1345 2546 numero,

218 2578 310 2648 stetit
340 2577 451 2668 gloria
488 2579 639 2670 Mopso:
682 2602 765 2672 prae
802 2579 904 2647 cuius
946 2578 994 2648 rei
1031 2577 1153 2646 dolore
1193 2569 1350 2649 Calchas

221 2691 361 2761 interiit.

306 2831 387 2900 lam
414 2852 496 2899 vero
523 2853 616 2900 novo
638 2832 799 2920 exemplo
823 2829 1019 2908 audaciam,
1038 2828 1279 2920 Euphorionis
1312 2830 1348 2898 in

206 2943 474 3034 'interpolandis
498 2943 627 3014 fabulis
659 2944 917 3034 cognoscimus.
952 2942 1069 3015 Schol.
1090 2941 1187 3019 Men.
1220 2943 1264 3010 nd
1301 2944 1346 3012 ll.

223 3081 277 3145 14,
305 3061 371 3150 295
392 3091 429 3118 =
447 3059 502 3127 M.
532 3059 596 3148 134
628 3059 712 3128 haec
738 3081 779 3127 ex
807 3081 849 3127 eo
880 3058 1014 3128 attulit:
1050 3055 1142 3150 Ἥραν
1165 3061 1349 3150 τρεφομένην

216 3170 297 3264 παρὰ
332 3179 396 3251 τοῖς
429 3182 559 3266 γονεῦσιν
595 3169 633 3250 εἷς
671 3180 730 3240 τῶν
759 3173 910 3265 Γιγάντων
946 3159 1120 3266 Εὐρυμέδων
1165 3173 1349 3266 βιασάμενος

216 3291 322 3380 ἔγκυον
358 3288 501 3360 ἐποίησεν.
534 3294 553 3361 ἡ
588 3281 621 3354 δὲ
649 3288 804 3380 Προμηθέα
833 3289 982 3379 ἐγέννησεν
1017 3341 1024 3356 .
1056 3271 1123 3364 Ζεύς
1152 3278 1186 3354 δὲ
1222 3289 1346 3380 ὕστερον

215 3407 315 3495 γύμας
332 3406 386 3477 τὴν
409 3397 539 3495 ἀδελφὴν
563 3403 614 3470 καὶ
633 3405 718 3495 γνούς
740 3404 779 3470 τὰ
802 3404 975 3496 γιγνόμενα,
998 3403 1049 3470 τὸν
1066 3403 1118 3495 μὲν
1132 3394 1345 3495 Εὐρυμέδοντα
1422 3449 1423 3502 γ

216 3521 458 3612 κατεταρτάρωσε
489 3541 496 3556 ·
528 3519 580 3586 τὸν
608 3512 641 3585 δὲ
670 3519 825 3612 Προμηθέα
849 3521 991 3612 προφάσει
1018 3527 1072 3584 τοῦ
1098 3519 1186 3610 πυρὸς
1214 3510 1345 3610 δεσμοῖς

216 3632 373 3726 άνύρτησεν
392 3657 399 3670 ’
415 3638 434 3706 n‘
450 3633 564 3725 ἱστορία
586 3633 666 3726 παρὰ
688 3633 857 3726 Εὐρορίιυνι.
893 3633 1001 3726 Gigas
1025 3634 1083 3703 ille
1107 3633 1340 3723 Eurymedon

215 3747 445 3838 probabiliter
470 3746 499 3814 is
528 3746 637 3816 fuisse
665 3744 817 3834 videtur,
846 3769 954 3839 quem
987 3751 1105 3838 regem
1130 3746 1238 3814 luisse
1272 3747 1341 3818 Gi-

214 3878 360 3952 gantum
391 3843 571 3930 Homerus
604 3877 761 3929 testatur.
801 3862 914 3933 n58:

483 4089 485 4094 ,
766 4006 968 4094 μεγαλήτορος
993 3993 1222 4094 Εὐρυμέδοντος,
1260 4059 1262 4064 .
1421 4039 1422 4114 γ

256 4150 259 4158 ,
302 4117 334 4188 ὅς
360 4113 424 4178 ποθ’
451 4111 641 4201 ὑπερθύμοισι
664 4114 853 4205 Γιγάντεσσιν
879 4114 1043 4197 βασίλευεν.
1421 4119 1422 4126 ’

307 4225 375 4290 ἀλλ’
405 4231 420 4290 ὁ
447 4228 498 4316 μὲν
523 4226 615 4292 ὤλεσε
643 4227 716 4292 λαὸν
747 4225 914 4292 ἀτάσθαλον
941 4252 947 4265 ·
973 4228 1066 4293 ὤλετο
1091 4219 1120 4292 δ’
1145 4227 1244 4302 αὐτός.
