2824 4700
504 239 843 338 „st--w

154 426 185 497 3.
215 427 336 500 Schol.
364 421 521 499 Theocr,
537 429 630 498 Xn8
648 427 743 498 haec
766 426 933 496 adnotat:
953 429 990 494 τὸ
1016 427 1111 504 πάθος
1135 438 1188 494 τοῦ

68 543 181 622 Αἴαντος
203 542 362 637 ὑποφαίνει
394 543 446 622 εἰς
480 546 543 610 τὸν
580 542 787 636 Εὐφορίωνα
822 535 953 635 ρείδων
983 537 1098 628 εἶπεν,
1129 561 1189 612 aut

74 670 108 724 ut
137 658 244 726 altera
283 657 387 727 lectio
426 671 479 728 est
522 673 556 727 et
579 677 705 747 -quam
750 657 930 728 saniorem
962 680 1037 730 esse
1082 657 1183 728 facile

73 786 226 860 apparet:
267 769 310 846 εἰς
340 771 532 862 α’«Εὐρορίων
559 762 675 836 ἀπιδὼν
697 764 774 850 εἷπε,
794 762 931 846 Ιδιττῶς
961 771 1018 862 γὰρ
1055 774 1085 838 ἐν
1120 776 1189 842 τοῖς

21 961 22 966 ¹
71 889 122 976 ταρ
143 891 215 978 ἡμῖν
243 889 388 980 γράφεται
401 887 535 976 (=-M.-
551 887 619 975 36).

81 1029 83 1034 Ι
147 1051 295 1144 Πορφυρέιι
326 1052 454 1130 ὑάκινθε,
487 1047 520 1120 οὲ
534 1049 605 1145 μὲν’
619 1053 674 1145 μία
701 1061 796 1146 ρῆμις
819 1046 929 1120 ἀοιδῶν

153 1166 295 1260 Ῥοιτείιρς
320 1160 462 1260 ἀμάθοιοι
493 1158 677 1245 δεδουπότος
708 1160 867 1235 Αἰακίδαο
905 1163 908 1167 ’
1003 1169 1007 1175 ’
1117 1163 1120 1170 ’

148 1282 243 1374 εἴαρος
272 1281 437 1364 evellito,
465 1285 658 1376 γεγραμμένα
680 1284 863 1350 nusciosum.

151 1457 180 1526 Ε
206 1457 378 1548 sanguine
394 1457 515 1528 Aiacis
544 1456 740 1528 effloruisse
772 1455 1003 1548 hyacinthum
1027 1456 1089 1540 ait,
1122 1458 1183 1527 sed

73 1593 134 1639 non
175 1571 229 1641 id¹
251 1571 434 1642 communi
480 1589 514 1640 et
559 1571 729 1641 unanima
768 1570 958 1641 hominum
1002 1568 1183 1662 opinione.
1257 1587 1260 1592 ·

74 1685 158 1754 Nam
189 1686 243 1778 μία
272 1695 379 1780 ρῆμις,
409 1686 453 1756 ad
478 1709 567 1778 quas
592 1709 694 1756 voces
721 1686 893 1778 particula
925 1687 978 1777 μὲν
1009 1685 1122 1778 logica
1152 1687 1187 1756 vi

73 1797 232 1870 trahenda
268 1817 333 1887 est,
373 1800 402 1868 si
436 1799 660 1891 perhibetur,
695 1799 854 1890 sequitur
894 1815 1036 1890 poetam
1078 1799 1185 1868 etiam

73 1910 205 1982 alterius
219 1909 361 1984 fabulae
386 1933 583 1983 memorem
600 1910 722 1997 luisse,
750 1933 828 1982 eam
846 1912 939 1997 dico,
965 1934 1037 2004 qua
1061 1911 1184 1982 florem

74 2023 163 2094 illum
196 2047 267 2096 non
297 2049 339 2096 ex
371 2026 511 2112 Aiacis,
549 2027 608 2096 sed
648 2025 840 2117 Hyacinthi
881 2048 1028 2118 corpore
1066 2027 1185 2096 saucio

74 2155 184 2236 natum
216 2162 293 2210 esse
323 2138 477 2210 referret.
528 2138 655 2230 Neque
693 2139 790 2208 enim
830 2139 952 2209 tertius
993 2139 1104 2211 homo
1141 2141 1186 2211 de

73 2254 199 2345 origine
225 2255 336 2326 -floris
375 2277 457 2325 curn
500 2255 568 2331 illis
606 2271 725 2325 certat.
789 2254 953 2326 Diversas
993 2255 1101 2347 igitur
1139 2257 1190 2338 de,

17 2419 19 2440 t
73 2368 239 2459 hyacinthi
283 2369 418 2460 origine
462 2367 599 2438 fabulas
622 2368 797 2438 .versibus
841 2368 1007 2459 deinceps
1048 2369 1182 2440 iunctas

72 2483 263 2572 exposuisse
292 2500 434 2574 poetam
464 2481 724 2574 intellegimus,
762 2483 862 2551 cuius
901 2482 1050 2552 rationis
1089 2485 1184 2576 apud

72 2596 254 2683 Nonnum',
277 2597 339 2689 qui
372 2599 426 2667 vel
464 2597 616 2696 maxime
652 2619 734 2668 curn
772 2596 817 2666 ab
855 2597 1181 2667 Alexandrinorum

70 2710 262 2785 doctissima
277 2714 384 2805 :poesi
407 2732 484 2784 tum
507 2715 551 2784 ab
573 2712 802 2803 Euphorione
827 2713 1003 2803 permulta
1022 2711 1057 2781 in
1074 2733 1181 2782 suum

69 2827 218 2915 contulit,
249 2828 324 2898 duo
354 2827 405 2898 M.
439 2827 591 2920 insignia
621 2827 780 2918 exempla
818 2819 945 2895 attulit.
995 2823 1065 2898 Sed
1095 2825 1182 2894 mihi

69 2958 140 3010 curn
178 2941 312 3013 Ovidio
352 2961 408 3010 res
449 2958 510 3011 est.
567 2940 676 3033 Apud
715 2961 822 3030 quem
862 2953 1052 3031 postquam
1089 2939 1181 3009 Aiax

68 3077 203 3148 torpore
235 3057 327 3126 XIII
362 3056 443 3146 392.

270 3281 304 3294 -
324 3247 443 3305 letalem
463 3246 600 3307 condidit
620 3265 732 3320 ensem,
1116 3311 1118 3318 ,

274 3334 346 3390 Non
366 3331 488 3389 valuere
507 3345 617 3390 manus
637 3325 763 3389 infixum
783 3332 911 3388 educere
930 3331 1033 3390 telum.
1075 3331 1078 3338 '

175 3447 178 3452 ·
273 3416 398 3491 Expulit
416 3415 479 3491 ipse
497 3433 597 3488 cruor,
618 3415 830 3491 rubefactaque
849 3407 994 3492 sanguitie
1013 3415 1101 3474 tellus

276 3501 466 3574 Purpureum
485 3498 574 3557 viridi
593 3497 697 3573 genuit
716 3500 753 3556 de
772 3499 902 3574 caespite
921 3498 1039 3571 florem,

275 3582 335 3652 Qui
349 3582 437 3658 prius
457 3581 579 3641 Oebalio
591 3582 700 3658 suerat
718 3583 754 3640 de
772 3582 894 3640 vulnere
913 3592 1010 3640 natus.

276 3664 390 3722 Littera
408 3663 578 3723 communis
598 3664 704 3723 mediis
724 3683 879 3741 pueroque
898 3665 1023 3741 viroque

276 3749 422 3826 Inscripta
442 3761 486 3808 est
505 3748 596 3822 foliis,
617 3749 689 3808 haec
707 3749 852 3823 nominis,
872 3750 922 3829 illa
941 3749 1100 3826 querellae.

152 3940 265 4031 Quae
296 3941 404 4010 verba
442 3941 471 4011 si
506 3942 587 4032 quis
623 3943 693 4012 acri
739 3961 969 4034 accurataque
1010 3943 1181 4035 interpre-

70 4055 512 4149 tatione.premit,..inepta
543 4076 637 4135 sunt.
686 4059 798 4130 Terra
828 4058 1061 4151 progenuisse
1098 4081 1181 4130 eum

69 4166 183 4265 florem
204 4170 353 4267 dieitur,
378 4170 440 4260 qui
468 4170 541 4240 iam
566 4187 701 4242 antea
727 4197 745 4241 e
767 4174 937 4264 sanguine
967 4173 1109 4246 Oebalii
1128 4175 1178 4246 iu·
