2876 4700
651 264 864 335 ..6,

202 460 285 506 vero
314 440 448 524 omnia,
478 461 569 528 quae
596 439 662 507 hoc
684 438 797 528 capite
827 438 995 506 allaturus
1024 458 1126 520 sunt,
1157 436 1203 504 ita
1233 434 1322 502 acci·

204 553 332 642 pienda
362 573 455 639 sunt,
486 555 586 645 quasi
616 578 660 623 ex
697 553 773 646 ipso
806 551 1048 644 Lycophronis
1081 548 1323 620 eruditissimo

204 667 359 738 carmine
382 667 565 758 Euphorio
590 684 769 736 mutuatus
795 665 867 734 sit:
895 666 1071 734 interdum
1096 664 1161 732 hoc
1184 679 1323 732 tantum

206 781 432 850 statuendum
464 781 528 860 etit
557 805 576 849 a
607 779 786 849 'communi
818 794 1048 867 eosauctote
1080 777 1243 867 pendere.
1281 777 1325 846 Et

122 928 127 942 ·
206 916 286 962 cum
319 896 430 963 multa
462 895 564 964 nobis
591 896 685 985 apud
713 894 869 984 primum
893 893 965 961 sive
998 894 1091 962 hunc
1121 891 1192 961 sive
1223 891 1325 960 illum

207 1007 349 1076 obviam
391 1009 487 1093 fiant,
526 1030 724 1091 caveamus,
755 1030 798 1076 ne
830 1030 889 1076 eos
932 1007 1116 1075 novavisse
1147 1029 1187 1074 ea
1221 1022 1327 1096 atque

208 1123 281 1190 suis
324 1122 475 1212 ingeniis
516 1123 764 1214 excogitavisse
807 1143 945 1212 semper
976 1120 1199 1190 arbitremur.
1234 1119 1328 1192 Sane

209 1234 277 1302 illis
307 1237 420 1304 multo
452 1237 700 1327 suppeditabat
730 1235 874 1304 uberior
903 1258 941 1303 ac
970 1233 1178 1324 locupletior
1209 1256 1329 1302 rerum

210 1348 380 1418 memoria
411 1372 518 1439 quam
549 1373 619 1440 qua
650 1348 753 1418 nobis
783 1349 1003 1440 produntur:
1038 1349 1236 1416 obstructos
1267 1370 1330 1415 au-

209 1480 280 1530 tem
311 1463 424 1532 fontes
460 1465 630 1554 quoniam
669 1464 771 1533 nobis
808 1485 877 1532 non
919 1464 997 1532 licet
1034 1462 1190 1553 aperire,
1223 1461 1330 1530 etiam

210 1600 263 1662 ea,
289 1602 379 1668 quae
407 1579 496 1649 inter
521 1597 711 1670 utrumque
733 1579 864 1648 similia
891 1597 923 1672 et
939 1577 1166 1667 congruentia
1198 1575 1331 1659 inveni,

211 1692 246 1759 in
277 1693 433 1760 medium
468 1695 651 1786 proposui,
686 1717 767 1763 cum
792 1694 1082 1786 disceptationem
1115 1690 1333 1782 quaestionis

211 1806 267 1873 vix
301 1808 518 1907 fructuosam
551 1807 695 1877 arbitrio
726 1807 926 1896 iudicioque
954 1829 1077 1875 eorum
1109 1806 1170 1895 qui
1211 1808 1334 1896 legunt

211 1923 452 1990 concederem.

302 2035 371 2105 Sed
409 2054 489 2105 utut
519 2059 573 2105 tes
617 2035 807 2118 sehabet,
851 2033 1095 2126 Lycophronis
1134 2032 1333 2114 doctrinam

212 2148 427 2238 permultum
466 2149 617 2216 valuisse
656 2149 698 2217 ad
732 2147 890 2216 studium
930 2165 1113 2236 artemque
1152 2145 1335 2236 popularis

212 2279 337 2351 poetae
363 2279 483 2330 aetate·
504 2263 689 2352 paululum
719 2260 913 2344 inferioris,
945 2281 1071 2343 nemo,
1104 2259 1245 2349 opinor,
1278 2280 1334 2326 ne-

212 2373 318 2461 gabit.

302 2493 419 2578 Atque
449 2506 487 2557 ut
516 2488 647 2557 leviora
672 2489 845 2578 quaedam
878 2487 913 2554 in
946 2485 1121 2576 principio
1143 2506 1287 2576 ponam,

308 2627 336 2668 t.
364 2601 552 2690 Lycophro
579 2601 716 2692 primus
746 2601 789 2668 in‘
805 2599 977 2668 vocabulo
1003 2591 1115 2691 Βέβρυξ
1138 2600 1191 2668 vel
1217 2599 1335 2690 potius

211 2717 355 2806 Βέβρυκος
385 2715 536 2784 litteram
568 2717 726 2784 vocalem
756 2742 772 2778 υ
800 2713 954 2804 corripit.
990 2713 1080 2781 Vide
1111 2713 1226 2781 enim:

299 2876 332 2921 v.
384 2855 451 2922 516
475 2853 513 2930 εἰς
537 2856 689 2946 Βεβρύκων
715 2851 823 2946 pidaras
838 2852 1037 2945 aassacnpiotv.

300 2991 332 3036 v.
367 2969 450 3036 1305
476 2968 513 3044 εἰς
540 2971 692 3061 Βεβρύκων
716 2970 852 3034 ἔστειλαν
882 2967 1058 3056 οἰκητήριον.

300 3105 332 3148 ν.
366 3105 454 3172 1474
477 3075 579 3167 σῴζων
609 3081 740 3147 παλαιὰν
768 3083 921 3172 Βεβρύκων
944 3079 1143 3173 παγκληρίαν,

211 3267 316 3334 quem
348 3268 481 3316 morem
512 3247 697 3338 Euphorio
728 3247 896 3337 sequitur.
931 3249 1088 3337 (Fragm.
1122 3245 1186 3332 104
1203 3245 1250 3312 M.
1274 3245 1303 3332 ¹)

548 3385 663 3476 ἀπόπρο
688 3377 721 3452 δὲ
744 3389 877 3478 Βέβρυκα
899 3387 1025 3458 πύκτην.

298 3561 511 3653 Apollonius
550 3563 732 3647 Rhodius,
770 3580 808 3631 ut
841 3563 933 3632 hunc
975 3562 1184 3652 adiungam,
1217 3552 1329 3628 vocali

208 3707 226 3744 υ
249 3679 381 3747 litterae
412 3677 482 3746 vim
508 3677 631 3748 tribuit
654 3678 855 3769 ancipitem.
885 3679 977 3748 Nam
1007 3693 1040 3746 et
1062 3677 1215 3765 Βεβρύκων
1241 3677 1328 3757 βασι-

208 3798 280 3868 λῆος
305 3792 360 3859 vel
390 3791 518 3859 similia
552 3791 599 3860 ait
639 3793 673 3860 ll
705 3814 737 3876 a,
773 3817 830 3882 ρο,
866 3814 942 3884 129,
978 3793 1060 3884 768,
1097 3812 1162 3882 792
1199 3805 1231 3857 et
1261 3779 1330 3852 οὐδ’

280 4111 292 4150 1
314 4107 424 4165 Littera
439 4109 481 4163 M.
496 4125 513 4163 a
527 4125 574 4163 me
588 4107 765 4164 adumbrata
786 4119 855 4164 sunt
870 4107 1013 4164 Meinekii
1029 4105 1185 4164 ‹niualecta
1199 4102 1327 4161 alexan-

210 4191 325 4262 drina»,
348 4191 444 4246 Berol.
472 4191 554 4261 1843.
