2876 4700
558 267 803 339 -l3—

213 445 269 520 26.
297 444 385 516 Item
418 444 462 511 de
503 442 663 534 Cychreo
695 442 891 516 Salaminio
932 447 1154 515 'monendum
1179 464 1241 514 est.

120 561 206 647 Lyc.
237 561 332 646 451:
364 557 455 650 ὁμὲν
488 559 650 646 (Teucer)
680 559 790 652 πατρὸς
816 566 982 652 μορφαῖσιν
1001 560 1224 652 ἠλαστρηριένοζ

356 679 490 763 Κοχρῆος
519 668 630 763 ίιντρων
660 673 798 764 Βωκαίροο
827 697 860 738 τε
890 672 1043 764 ναροίτιον.
1084 673 1086 678 ’

209 796 452 887 Euphorionis
473 819 595 867 versus
613 799 795 868 invenitur-
808 801 902 889 apud
920 801 1027 870 schol.
1054 803 1138 892 Lyc.
1159 805 1241 888 45¹·

114 916 197 986 τοῖος
212 909 268 1002 γὰρ
282 919 416 1003 Κωρρῆος
432 911 472 977 ἐνὶ
486 911 603 1005 ψαφαρῇ
620 919 767 1006 Σαλαμῖνι
782 914 848 1000 (M.
867 913 991 1004 fragm.
1017 938 1055 1005 17
1071 939 1078 982 :
1097 922 1178 992 τοῖος
1194 911 1248 1007 ἄρ’

112 1021 150 1094 ἦν
165 1025 294 1115 Κυχρεύς
317 1024 457 1114 ποτ’ρὲνί
480 1067 522 1077 -
548 1028 601 1114 rel
628 1027 834 1117 imperfecta
860 1027 1051 1100 sententia:
1078 1029 1241 1120 Κορρρεὺς,

112 1135 267 1226 ligeri-l
277 1139 357 1207 lant
371 1141 398 1208 si
411 1157 616 1230 reputamus
633 1140 739 1211 luisse
755 1141 816 1232 qui
829 1141 1033 1233 Cyclrreum
1050 1142 1243 1212 immanem

112 1250 425 1342 asperrimamque.
454 1252 588 1322 insulae
623 1274 739 1344 regem
776 1272 896 1346 postea
930 1255 1095 1324 draconis
1129 1259 1244 1347 specie

112 1381 292 1433 mutatum
329 1389 405 1435 esse
438 1367 619 1451 referrent,
652 1368 768 1458 qualis
807 1369 1088 1445 Atheniensibus
1122 1389 1244 1441 contra

115 1481 243 1548 Persas
275 1480 391 1550 navali
426 1482 563 1572 proelio
588 1478 847 1555 decertantibus
878 1484 1082 1573 apparuisse
1114 1485 1245 1556 dicitur

113 1594 281 1679 (Pausan.
311 1596 341 1679 Ι,
371 1595 438 1683 36),
465 1596 645 1688 aptissime
670 1593 798 1691 ἄντρα
822 1606 957 1689 Κυχρῆος
980 1598 1037 1667 ille
1069 1599 1241 1683 nominat,

113 1706 275 1794 apposite
299 1707 406 1776 etiam
432 1709 616 1798 Euphorio
647 1709 826 1779 Salamina
855 1707 989 1802 ψαφαριίν
1017 1751 1055 1762 ·-
1082 1733 1242 1802 asperam

113 1836 148 1886 et
173 1821 417 1917 confragosam
448 1863 490 1874 -
513 1841 626 1896 vocat.
671 1863 672 1868 ι
939 1897 942 1902 ,

206 1959 263 2022 27.
283 1937 490 2028 Cognomen
519 1939 606 2013 illud
631 1939 809 2028 Apollinis
829 1922 1019 2030 „root-Apro&
1039 1940 1137 2007 novit
1156 1943 1240 2032 Lyc.

404 2056 406 2063 ι

111 2072 146 2115 v.
182 2051 269 2139 1278
294 2051 461 2143 Ζωστηρίοο
489 2076 523 2124 τε
547 2053 664 2136 κλιτιίν,
695 2052 764 2116 ἔνθα
790 2052 930 2145 παρθένου

292 2193 414 2284 στυγνὸν
447 2193 592 2276 Σιβύλλης
617 2191 695 2260 ἐστὶν
723 2191 900 2283 οἰκητήριον.

205 2331 390 2420 Euphorio
431 2355 572 2424 quoque
600 2333 707 2400 deum
738 2336 904 2424 Ζωοτήριον
942 2349 1136 2420 nuncupat,
1174 2329 1239 2397 nisi

105 2442 207 2530 quod
233 2443 276 2511 de
299 2444 452 2535 Apoline
477 2444 618 2513 Zostere
645 2443 680 2511 in
706 2445 784 2512 vico
807 2443 924 2514 Attico
950 2443 1045 2512 culto
1070 2442 1240 2532 loquitur,

106 2556 169 2625 ille
187 2579 271 2626 vero
291 2558 384 2648 apud
403 2559 585 2628 Cumanos
604 2579 684 2627 eum
704 2558 741 2626 in
760 2557 929 2649 religione
947 2540 1053 2626 fuisse
1072 2557 1236 2625 ostendit.

104 2671 233 2761 fragm.
255 2673 311 2764 89.
336 2677 457 2765 Ζωστήρ
472 2675 522 2722 —-'
531 2673 582 2738 καὶ
599 2673 689 2750 τόπος
711 2682 765 2750 τῆς
788 2673 932 2749 Ἀττικῆς.
959 2671 1115 2763 Εὐφορίων.
1145 2669 1242 2746 Οὗτος

104 2784 161 2873 μὲν
186 2775 308 2877 Ζωστῆρ
331 2786 440 2871 Φοίβου
457 2779 546 2854 πέδον
563 2786 614 2853 καὶ
630 2788 775 2880 Ζώστριος
797 2789 860 2874 (Μ.
884 2789 1060 2878 Ζωστνῑριος)
1084 2785 1242 2850 Ἀπόλλων

100 2895 187 2989 παρὰ
217 2899 377 2979 Ἀθαναίοις
400 2905 577 2994 τιμώμενος
591 2902 642 2968 καὶ
655 2894 705 2974 ἠδ’
722 2905 923 2978 ἐπαπειλήσας
947 2900 1105 2993 Ζωστηρίῳ
1126 2901 1240 2965 Ἀπόλ-

99 3021 190 3078 “nom
218 3015 292 3088 Cfr.
326 3019 456 3103 Miller,
486 3019 569 3086 me'l.
602 3019 645 3086 de
681 3018 744 3086 litt.
783 3041 834 3109 gr.
868 3041 947 3108 pag.
989 3040 1064 3104 141.

200 3130 256 3198 28.
285 3132 337 3208 De
364 3133 604 3222 Amphilocho
636 3150 670 3202 et
702 3134 831 3222 Mopso
864 3131 1003 3200 vatibus
1036 3126 1237 3198 inconcilia·
1304 3131 1308 3134 ’

19 3313 23 3319 ,
104 3243 175 3311 bili
204 3243 390 3316 inimicitia
413 3245 609 3317 dissociatis
627 3248 815 3340 Lycophro
839 3249 923 3316 haec
946 3245 1073 3314 tradit:
1105 3267 1137 3310 v.
1166 3244 1239 3333 439

218 3384 295 3449 Δοιοὶ
325 3377 358 3451 θὲ
389 3386 501 3478 ρὲίθρων
530 3388 716 3480 Ποριίριοο
744 3389 816 3478 πρὸς
846 3389 987 3470 ἐκβολαῖς

203 3500 410 3586 αὐτοκτόνως
441 3509 587 3594 σφαγαῖσι
616 3502 754 3595 Δηραίνου
782 3503 863 3578 κιίνις

220 3605 379 3704 δμηθέντες
410 3617 592 3708 αἰχμάσοοσι
618 3618 749 3684 λοισθίαν
782 3621 853 3702 βοήν

218 3731 334 3822 πύργων
349 3732 406 3797 ὑπὸ
422 3735 575 3824 πτέρναισι
589 3734 754 3824 Παμφύλου
771 3731 870 3824 κόρης.

218 3845 307 3926 αὐτὸς
336 3837 365 3910 θ’
397 3847 518 3939 ἁλιβρὸς
543 3847 638 3940 ὅχρος
666 3849 694 3912 ἐν
728 3845 899 3939 μεταιχμίῳ

216 3960 376 4053 Μάγαρσος
403 3963 499 4054 ἁγνῶν
521 3962 608 4054 θρίων
637 3961 828 4042 σταθήσεται,

215 4079 254 4150 ὡς
287 4079 327 4165 μὴ
351 4079 486 4160 βλέπωσι
515 4070 591 4168 μηδὲ
618 4080 755 4170 νερτέρων
784 4069 872 4168 ἕδρας

152 4192 154 4197 ’
215 4183 313 4268 δύντες
339 4193 418 4284 φόνῳ
445 4193 605 4264 ,λουσθέντᾱ
622 4193 786 4270 ’ςαίλλνῗλων
810 4192 930 4282 τοίφους.
1002 4205 1006 4210 ”
1066 4181 1069 4188 ⁴
