2824 4700
508 210 866 345 -to--⁴

55 472 132 522 tarn
164 451 231 521 hoc
267 449 343 518 loco
380 446 560 516 Nicander
599 448 878 517 commemorat?
922 449 1062 542 Nempe
1102 456 1187 545 quia

41 565 248 659 .Euphori0
280 565 324 634 de
354 560 481 632 declivi
509 578 543 629 et
571 560 772 651 periculoso
800 563 843 631 ad
881 562 1011 636 inferos
1040 566 1186 638 introitu

55 685 213 765 dixerat,
245 678 329 770 quia
358 679 422 747 hac
455 675 530 767 ipsa
566 673 621 744 via
657 675 848 746 Herculem
880 678 924 747 ad
957 679 1070 750 lucem
1102 703 1186 773 pro·

53 796 208 866 traxisse*
235 793 396 886 Stygiam
427 775 552 862 canem
591 808 818 886 narraverat„
845 792 956 863 Modo
992 795 1186 868 verborum
1283 801 1284 806 ’

52 907 182 980 Ovidii
221 903 479 978 reminiscaris:
511 904 581 973 VII
606 925 677 996 409

488 1126 490 1130 ·
506 1108 620 1182 Specus
639 1119 681 1164 est
701 1107 864 1164 tenebroso
883 1124 989 1166 caecus
1008 1108 1100 1168 hiatu.

273 1195 311 1250 Et
329 1191 377 1249 via
397 1190 517 1249 declivis
538 1207 590 1265 per
608 1205 699 1264 quem
719 1188 897 1265 Tirynthius
916 1191 1007 1252 heros

273 1279 446 1334 Restantem
466 1287 632 1350 contraque
651 1274 730 1333 diem
750 1274 911 1350 radiosque
930 1274 1075 1336 micantes

273 1359 488 1434 obliquantem
508 1358 613 1417 oculos
632 1357 715 1416 nexis
731 1359 893 1416 adamante
912 1360 1025 1419 catenis

275 1444 429 1501 Cerberon
449 1442 586 1514 attraxit3
607 1441 712 1501 rabida
730 1442 783 1516 qui
802 1442 939 1502 concitus
958 1444 1002 1502 ira

274 1559 309 1570 -
329 1526 565 1603 sparsitvirides
585 1526 700 1603 spumis
720 1527 889 1601 albentibus
908 1545 1005 1604 agros.
1060 1531 1061 1538 ’

153 1725 229 1794 Iam
260 1724 288 1793 si
327 1724 463 1794 hiatum
500 1724 602 1794 illum
637 1741 748 1811 terrae
789 1725 1025 1816 Herculisque
1054 1749 1184 1798 nomen

1 1819 2 1930 l
57 1839 235 1930 expressis
251 1838 368 1908 verbrs
382 1856 651 1922 commemorat,
677 1839 705 1907 si
731 1855 811 1929 post
824 1855 948 1929 vrgrntr
973 1838 1047 1910 fere
1061 1862 1185 1911 versus

1 1942 2 2028 l
56 1954 208 2021 alteram
239 1951 412 2045 originem
444 1952 574 2023 herbae
599 1951 712 2039 affert,
739 1974 855 2022 nonne
873 1953 1184 2028 verisimillimum

56 2084 112 2134 est
140 2063 383 2158 Euphorionis
411 2087 552 2136 carmen
585 2057 714 2142 ξένιον
705 2065 900 2136 imitatione
929 2085 1020 2137 eum
1043 2091 1184 2160 expres-

56 2181 148 2250 sisse
170 2198 231 2250 aut
254 2181 377 2251 saltem
403 2198 482 2250 ante
506 2180 628 2250 oculos
650 2179 851 2250 habuisse?
875 2179 945 2252 Sed
970 2181 1072 2251 solita
1089 2184 1183 2275 apud

54 2294 319 2365 Alexandrinos
350 2311 470 2387 poetas
498 2293 665 2384 loquendi
695 2293 908 2366 obscuritate
930 2317 1005 2366 rem
1033 2318 1104 2366 non
1129 2315 1184 2368 to·

2 2459 3 2462 ,
53 2427 132 2476 tam
162 2427 365 2500 persecutus
401 2426 474 2494 est,
502 2429 585 2478 curn
620 2407 688 2477 alia
718 2407 943 2496 describeret,
974 2409 1043 2480 alia
1074 2411 1184 2482 modo

52 2522 222 2592 extremis
262 2524 364 2614 quasi
403 2523 506 2593 lineis
542 2521 781 2612 adumbraret.
829 2524 882 2593 lta
920 2523 1027 2594 etiam
1064 2525 1184 2594 omisit

51 2635 172 2704 dicere
215 2657 256 2706 ex
298 2636 360 2706 illo
398 2635 495 2705 hiatu
533 2635 598 2704 soli
640 2643 827 2705 attractum
860 2658 982 2706 canem
1013 2637 1183 2729 sparsisse

49 2741 431 2838 spumas-venenatas,
465 2772 483 2819 e
516 2749 648 2840 quibus
679 2751 852 2843 originem
883 2751 1031 2822 herbam
1060 2745 1183 2843 sum‘p·

49 2851 161 2931 sisse.⁴
185 2859 288 2933 'Inde
321 2879 463 2956 quoque
496 2864 655 2942 diversas
688 2887 747 2934 eas
786 2864 923 2936 fabulas
953 2866 1176 2937 Nicandrum

48 2978 260 3068 cognovisse
285 2979 508 3071 perspicitur,
534 2979 645 3069 quod,
672 2996 860 3072 postquam
892 2980 953 3050 ubi
979 2980 1181 3072 gigneretur

47 3093 187 3178 herba,
219 3094 423 3179 annotavit,
465 3093 537 3162 iam
574 3093 646 3163 va
679 3099 918 3185 naturamque
945 3093 1181 3186 perniciosam

47 3209 130 3276 eius
174 3207 353 3299 copiosius
399 3223 602 3299 persecutus
646 3207 776 3276 iterum
823 3207 1003 3299 originem
1052 3205 1181 3327 aconiti

48 3323 180 3413 attigit
