2876 4700
522 289 767 364 ...15-

76 479 164 533 tes'te
190 457 364 534 Strabone
389 473 404 543 ,h
429 465 518 554 675:
550 468 579 530 ἐν
607 458 702 541 {biota
730 464 789 531 ὑπὸ
822 463 1001 542 Ἀπόλλωνος
1025 465 1207 560 ἀναιρεθῆναι

76 573 129 640 τὸν
164 573 339 667 Ἀμφίλοχόν
370 599 457 667 φησιν
484 599 490 614 ·
516 577 544 642 oi
568 569 601 643 δὲ
624 575 689 668 περὶ
716 576 752 642 τὸ
781 576 893 649 Ἀλήιον
914 569 1017 662 πέδον,
1042 579 1079 644 οἱ
1103 572 1145 648 δὲ
1169 585 1206 646 ἐν

76 680 194 778 ξνρίᾳ
233 686 309 754 ἀπὸ
351 698 421 754 τοῦ
460 687 620 761 Ἀληίου
666 689 844 756 ἀνιόντα
880 681 952 756 διὰ
993 694 1066 765 τὴν
1105 695 1202 786 ἔριν.

79 799 205 890 Quid?
237 801 265 870 si
298 803 410 872 voluit
445 803 629 892 Euphorio
658 826 801 894 quoque
832 803 988 874 indicare
1018 823 1099 898 post
1132 809 1206 876 dis-

77 915 281 984 sensionem
324 915 412 985 inter
454 933 645 1006 utrumque
682 933 838 984 exortam
885 933 1083 1008 regressum
1126 940 1205 988 esse

76 1029 360 1120 Amphilochum
383 1046 488 1120 atque
510 1029 580 1099 alio
602 1030 691 1113 loeo,
718 1029 787 1098 alio
809 1047 981 1120 tempore,
1004 1030 1073 1104 alio
1097 1034 1205 1100 modo

75 1143 173 1212 diem
205 1165 415 1233 supremum
450 1144 607 1214 obiisse?
648 1127 822 1214 Attamen¹
853 1144 916 1214 ista
961 1145 1208 1241 interpretatio

75 1276 168 1326 stare
202 1279 273 1326 non
304 1275 429 1348 potest,
464 1259 641 1349 siquidem
672 1260 790 1329 verbis
820 1260 929 1328 schol.
956 1259 1062 1334 fidem
1088 1261 1205 1350 impu·-

74 1391 215 1442 tamus:
248 1373 302 1438 ὑπ’
335 1373 475 1446 ἀλλήλων
504 1374 681 1466 ἀνῃρέθησαν
707 1390 741 1442 et
765 1395 855 1464 quae
885 1392 1096 1466 sequuntur.
1132 1377 1204 1445 Eu-

75 1487 205 1577 phorio
230 1486 336 1579 igitur
360 1488 389 1555 si
416 1481 526 1580 μουνὰξ
549 1488 609 1573 νὴ,
637 1489 703 1557 hoc
730 1487 817 1558 dicit
841 1488 990 1558 alterum
1014 1489 1060 1557 ab
1082 1491 1203 1573 altero,

74 1605 172 1671 dum·
195 1601 251 1670 via
294 1603 340 1670 ad
388 1602 517 1672 inferos
556 1603 679 1673 ferenti
721 1603 1062 1693 proficiscerenturs
1087 1604 1204 1674 hostili

74 1715 198 1784 animo
232 1716 413 1786 secessisse
446 1728 561 1807 nequ'e
590 1717 787 1808 quidquam
819 1717 995 1792 societatis
1027 1719 1117 1789 inter
1145 1743 1205 1790 eos

75 1832 197 1900 fuisse.
231 1837 349 1922 Atque
378 1832 484 1900 etiarn
509 1832 552 1901 de
583 1831 670 1900 turri
702 1831 794 1901 inter
817 1855 877 1902 eos
900 1850 1074 1902 exstructa
1107 1856 1204 1903 men-

76 1945 211 2012 tionem
253 1943 414 2012 iniecisse
454 1942 719 2034 Euphorionem
761 1967 779 2014 e
815 1943 925 2019 schol.
964 1945 1081 2013 verbis
1120 1967 1204 2014 con-

75 2057 174 2126 cludi
207 2075 339 2147 potest,
368 2057 414 2126 ita
448 2077 485 2127 ut
514 2058 755 2126 narrationem.
783 2058 1024 2152 Euphorionis
1059 2080 1205 2148 prorsus

77 2171 292 2260 respondere
327 2171 604 2259 Lycophroneae
637 2169 902 2239 concedendum
936 2170 991 2239 sit.

171 2335 226 2403 29.
263 2318 386 2403 Aegyn
427 2310 550 2379 urbem
594 2309 910 2378 Lacedaemoniam
959 2309 993 2376 in
1042 2308 1205 2377 confiniis
1314 2397 1317 2402 Ι

75 2425 252 2494 Arcadiae
283 2425 388 2494 sitam
420 2423 557 2514 primus
590 2405 781 2514 Lycophro‘
812 2440 997 2507 memorat,
1024 2442 1105 2490 curn
1133 2423 1204 2490 He·

76 2544 181 2609 lenen
213 2544 372 2630 Aegyam
406 2559 527 2606 canem
560 2554 670 2605 vocet.
705 2559 738 2604 v.
765 2537 835 2606 850

185 2680 235 2747 καὶ
262 2681 363 2749 πάντα
393 2677 516 2752 rhrioeh'
542 2677 640 2744 οὕνεκ’
669 2677 780 2769 Aipora
811 2677 907 2753 κννός,

185 2807 240 2870 τῆς
268 2786 447 2870 θηλύπαιδος
477 2792 528 2862 καὶ
557 2791 703 2885 τριάνορος
735 2791 833 2883 κόρης.

168 2949 292 3038 ipsum
324 2920 421 3014 urbis
448 2966 577 3011 nomen
608 2942 792 3032 Euphorio
818 2941 919 3011 nobis
945 2938 1204 3008 sumministrat

76 3067 112 3131 in
146 3063 272 3151 fragm.
313 3059 389 3126 116.

169 3178 224 3246 30.
258 3172 504 3242 Wilamowitz
528 3193 620 3260 quae
647 3171 690 3238 de
726 3167 932 3260 Iphigeniae
967 3165 1106 3258 origine
1148 3189 1204 3233 ex-

73 3291 196 3382 posuit
226 3291 277 3377 (in
308 3290 434 3357 Herm.
466 3286 600 3352 volum.
635 3284 688 3367 18,
710 3305 778 3370 240
804 3284 919 3373 seqq.)
952 3280 1008 3349 hic
1038 3277 1204 3349 brevibus

74 3403 194 3474 verbis
233 3418 387 3493 repetere
423 3421 564 3467 necesse
597 3413 660 3466 est.
712 3395 913 3487 Lycophr0‚
954 3413 992 3462 ut
1032 3391 1203 3461 memoria

72 3517 346 3608 antiquissimae
380 3513 514 3584 Atticae
548 3511 686 3580 fabulae
719 3509 947 3599 prodebatur,
980 3506 1203 3597 Iphigeniam

72 3632 207 3702 Thesei
248 3648 281 3699 et
319 3630 477 3698 Helenae
514 3625 622 3694 filiam
663 3623 771 3692 finxit.
812 3627 860 3710 (v.
910 3625 987 3710 146,
1015 3621 1080 3692 513
1121 3639 1203 3688 curn

71 3748 200 3834 schol.)
241 3746 292 3814 Ita
328 3743 432 3813 etiam
466 3739 650 3830 Euphorio
675 3755 792 3806 narrat
823 3735 948 3828 fragm.
981 3737 1039 3805 61.
1065 3735 1201 3825 (Etym.

71 3863 126 3931 M.
161 3860 245 3948 408,
261 3859 282 3927 8
312 3881 340 3925 S.
361 3881 394 3925 v.
410 3852 479 3948 ἶρις.
499 3896 540 3904 -
562 3854 715 3946 Ἰφιγένεια
733 3877 739 3890 ·
757 3850 903 3944 Εὺρορίων
918 3853 1010 3922 αὐτὴν
1030 3853 1205 3940 ἐννριολτνγεῖ

70 3978 190 4068 ἀγνοῶν
233 3975 324 4045 αὐτὴν
376 3972 596 4064 Ἀγαμέμνονος
644 3965 737 4045 οἴεται
781 3960 809 4033 δ’
851 3969 942 4038 αὐτὴν
997 3965 1114 4040 Ἑλένης
1155 3963 1206 4028 καὶ

67 4091 205 4166 Θησέως,
242 4090 416 4172 ὺποβλητλν
447 4078 481 4152 δὲ
501 4076 625 4156 δοθῆναι
647 4083 902 4173 Κλυταιμνήστρᾳ
933 4103 939 4116 ·
966 4081 1071 4144 οὕνεκα
1099 4071 1139 4150 δή
1157 4104 1205 4168 μιν

66 4203 113 4296 ipr
139 4203 313 4290 βιησαρ.ένῳ
347 4199 447 4270 Ἑλένη
476 4195 649 4289 ὑπεγείνατο
673 4199 776 4266 Θησεῖ.
