2824 4700
527 251 766 334 ..43..

414 469 427 553 ἢ
483 453 748 560 excursus
774 463 805 554 a.
897 572 900 600 ζ
958 595 960 600 Δ

167 662 385 734 Ovidianam
421 663 465 732 de
494 663 649 755 hospitio
675 664 769 733 senis
804 665 930 757 Hyriei
963 666 1207 737 narrationem

61 775 134 870 qui
173 778 269 870 legit,
302 799 420 854 nonne
452 777 595 852 alterius
618 777 758 852 fabulae
782 800 928 870 prorsus
958 780 1002 850 ad
1028 782 1209 871 exemplar

1 921 2 924 ¹
61 893 175 962 illius
198 892 331 963 effictae
355 893 391 961 in
417 910 573 962 mentem
597 893 722 962 venit?
753 893 917 966 Philemo
941 912 976 964 et
1000 895 1142 982 Baucis,
1161 896 1209 966 de

61 1010 125 1078 his
172 1009 268 1078 enim
301 1009 372 1078 iam
401 1009 580 1100 agendum
616 1026 668 1078 est
698 1009 845 1082 Metam.
878 1003 1207 1104 V111,626·'725‚

68 1149 102 1191 1.
133 1123 246 1193 ambo
263 1123 342 1192 iam
366 1142 449 1193 natu
474 1124 682 1214 grandiores

231 1285 236 1291 .
292 1239 345 1298 Illa
364 1242 434 1297 sunt
452 1237 538 1296 annis
557 1237 651 1296 iuncti
671 1239 870 1314 iuvenalibus,
889 1239 939 1298 illa

293 1323 488 1393 consenuere
508 1338 596 1395 casa;
617 1341 645 1379 v.
666 1323 733 1380 632.

62 1457 115 1470 —
141 1434 179 1486 et
204 1422 414 1509 „tremensf‘
441 1439 529 1486 anus
554 1440 587 1485 v.
615 1418 684 1487 660
708 1455 751 1472 -

167 1533 292 1604 iovem
317 1549 350 1602 et
374 1532 594 1602 Mercurium
619 1533 785 1602 humanis
815 1535 1024 1627 corporibus
1049 1536 1206 1622 abditos,

290 1645 431 1720 luppiter
449 1646 508 1703 huc
527 1645 624 1720 specie
644 1646 764 1704 mortali
784 1659 915 1730 cumque
934 1661 1057 1723 parente

292 1730 382 1788 Venit
401 1728 589 1790 Atlantiades
608 1730 716 1805 positis
735 1731 886 1790 caducifer
905 1731 958 1789 alis

1 1871 2 1896 t
65 1823 220 1916 tugurio
248 1824 376 1894 humili
402 1825 599 1916 recipiunt:

482 1941 484 1946 ’
580 1953 681 1998 tamen
702 1957 763 1998 una
783 1941 902 2017 recepit,
923 1943 1052 2016 (domus)

242 2023 336 2081 Parva
357 2021 479 2098 quidem
500 2023 620 2098 stipulis
639 2037 669 2084 et
688 2041 785 2086 canna
803 2038 882 2088 tecta
902 2025 1037 2100 palustri.

167 2122 224 2192 Ab
242 2123 352 2209 altera
369 2137 466 2213 parte
484 2139 537 2192 est
555 2121 711 2206 Hyrieus
726 2121 810 2191 item
829 2146 952 2207 senex,

313 2233 451 2309 «angusti
470 2234 569 2292 cultor
587 2234 703 2309 agelli»
725 2224 787 2314 qui

238 2327 385 2404 exiguam
405 2326 500 2382 stabat
519 2339 553 2382 ut
572 2337 641 2382 ante
660 2343 771 2396 casam,

1 2418 2 2421 ’
66 2443 145 2494 tres
176 2423 254 2493 illos
285 2425 369 2495 deos
394 2425 520 2494 iovem
552 2424 761 2516 Neptunum
794 2425 1014 2497 Mercurium
1050 2427 1208 2495 humana

1 2567 2 2635 3
65 2539 164 2608 facie
188 2539 332 2609 indutos
350 2550 659 2626 *dissimulantque
679 2553 751 2610 deos
769 2583 803 2594 -

1 2685 2 2730 3
65 2657 111 2723 ut
138 2671 227 2724 tecta
257 2677 321 2723 sua
349 2654 522 2738 subirent,
554 2654 689 2724 invitat.

168 2789 198 2836 2.
241 2768 322 2837 lam
359 2789 440 2836 cum
482 2789 602 2836 casam
626 2767 828 2854 intrassent,
865 2769 989 2838 intenti
1033 2771 1076 2838 ad
1114 2792 1206 2861 opus

1 2893 2 2898 ’
66 2883 279 2953 faciendum
305 2906 381 2952 sese
410 2883 599 2976 accingunt
631 2883 829 2975 Baucisque

289 3030 324 3041 -
343 2997 412 3055 foco
432 2997 569 3073 tepidum
589 2997 721 3056 cinerem
742 2997 869 3056 dimovit
888 3013 917 3056 et
936 2999 1021 3075 ignes

291 3081 425 3141 Suscitat
446 3082 601 3140 hesternos
619 3081 758 3157 foliisque
777 3095 807 3141 et
825 3083 935 3141 cortice
956 3083 1036 3142 sicco

182 3229 185 3236 ,
291 3165 392 3224 Nutrit
412 3179 442 3228 et
461 3167 499 3222 ad
518 3165 657 3226 flammas
677 3167 778 3232 anima
798 3167 938 3242 producit
957 3167 1039 3240 anili.

290 3249 516 3326 Multifidasque
535 3251 614 3309 faces
634 3247 817 3328 ramaliaque
836 3251 919 3309 arida
944 3266 1022 3310 tecto

216 3348 230 3366 ²
292 3333 405 3391 Detulit
425 3348 454 3392 et
473 3333 593 3392 minuit.

167 3432 284 3501 Holus
314 3432 441 3502 deinde
473 3432 608 3522 coquit,

290 3546 441 3620 Quodque
461 3563 534 3603 suus
553 3545 665 3603 coniux
685 3545 771 3620 riguo
790 3546 949 3622 collegerat
969 3548 1070 3620 hortO,

290 3630 424 3688 Truncat
444 3629 533 3686 holus
552 3628 642 3686 foliis.
663 3661 697 3704 ·.‘

150 3705 242 3795 'Nec
270 3748 353 3795 vero
385 3726 507 3822 vinum
539 3726 784 3797 desideratur:

234 3840 337 3898 Parva
357 3857 441 3899 mora
460 3851 504 3903 est
522 3840 684 3916 epulasque
702 3839 762 3900 foci
782 3840 890 3902 misere
909 3841 1050 3913 calentes,

199 3961 206 3968 -
237 3923 299 3984 Nec
318 3923 425 3997 longae
444 3940 547 3980 rursus
567 3923 738 3981 referuntur
757 3923 826 3980 vina
847 3937 993 3981 senectae.

166 4019 211 4089 Et
236 4041 308 4109 quo
341 4019 565 4088 commodius
596 4018 653 4089 dei
686 4019 948 4103 aecumberent,

236 4129 420 4188 Concutiunt
439 4143 594 4188 -torum
615 4131 652 4187 de
672 4129 756 4187 molli
775 4129 909 4189 fluminis
927 4133 996 4189 ulva
1083 4163 1084 4166 ¹

236 4214 413 4290 Impositum
433 4215 521 4280 lecto
