2824 4700
501 257 744 332 ..33-

73 433 231 506 Ovidium
265 435 363 522 (Fast
390 433 422 497 V
463 436 546 520 aar)
578 432 684 502 Flora
729 449 866 502 «mater
900 433 1055 505 florum»
1093 437 1192 508 haec·

72 550 108 618 de
128 573 162 619 se
187 547 439 642 pronuntiat:
539 569 542 576 ¹

136 695 141 706 .
219 713 320 772 Prima
339 730 392 788 per
412 711 574 770 immensas
594 710 689 786 sparsi
706 702 787 770 ¹nova
807 712 922 770 semina
939 727 1051 787 gentes.

132 930 135 935 .
157 929 160 934 .
218 881 319 940 Prima
338 862 519 955 Therapneo
539 879 596 937 feci
615 881 651 937 de
671 881 816 955 sanguine
835 880 951 952 florem,

288 967 327 1024 Et
346 979 447 1022 manet
467 965 499 1022 in
518 963 592 1021 folio
612 965 722 1040 scripta
741 966 872 1040 querella
891 986 958 1040 suo,

23 1159 25 1162 ·
73 1127 122 1195 ubi
156 1144 259 1218 poeta
289 1147 453 1195 concessa
490 1123 984 1204 licentia,transformationis
1023 1127 1180 1199 officium
1209 1173 1236 1190 .

23 1245 24 1276 ³
70 1242 104 1310 ab
130 1241 296 1334 Apolline
328 1241 373 1310 ad
401 1241 544 1312 Floram
576 1239 766 1309 transtulit.
837 1237 839 1239 ’

144 1379 177 1444 4.
219 1356 406 1450 Euphorio
440 1372 479 1426 ut
517 1355 562 1424 de
600 1353 780 1447 hyacinthi
815 1355 1003 1447 primitiis,
1045 1358 1092 1428 ita
1135 1359 1179 1429 de

69 1471 204 1558 aconito,
235 1491 326 1562 quae
357 1470 452 1540 duae
488 1468 708 1539 narrationes
745 1469 959 1558 ferebantur,
991 1471 1025 1541 in
1064 1493 1179 1542 unum

73 1602 196 1654 coactas
220 1584 337 1656 habet.
371 1583 490 1657 Schol.
515 1583 636 1674 Apoll.
664 1583 734 1652 Rh.
762 1582 797 1652 11
824 1582 893 1670 354
916 1585 983 1671 (M.
1012 1585 1070 1676 28)
1094 1587 1179 1657 haec

23 1729 24 1734 ¹
71 1701 128 1768 ait:
170 1691 334 1792 Ἡφόδωφός
361 1724 396 1766 τι
433 1699 484 1766 καὶ
516 1697 663 1790 Εὐφορίων
692 1701 720 1764 ἐν
748 1703 792 1782 τῷ
825 1690 909 1784 ξενίῳ
939 1699 1032 1794 ἐκείνῃ
1071 1701 1179 1793 (apud

23 1847 24 1850 ¹
72 1813 270 1886 Heracleam
301 1815 504 1903 Ponticam)
536 1795 610 1906 φααὶ
645 1815 697 1880 τὸν
722 1817 875 1906 Κέρβερον,
895 1812 1020 1906 ἀνῆχθαι
1042 1818 1100 1884 ὑπὸ
1127 1805 1181 1884 τοῦ

23 1951 24 1980 ³
75 1931 237 2022 Ἡρακλέους
272 1929 325 1997 καὶ
358 1932 464 2022 ἐμέσαι
499 1931 607 2020 χολὴν,
644 1921 675 2006 ἐξ
717 1925 751 2006 ἧς
794 1939 901 2021 φυῆναι
929 1931 966 1996 τὸ
999 1934 1181 2026 καλούμενον

23 2135 24 2140 ¹
71 2042 204 2112 ἀκόνιτον.
244 2046 406 2116 Herbam
437 2067 514 2114 eam
544 2068 562 2114 e
594 2044 665 2115 bile
696 2041 843 2114 Cerberi
874 2045 918 2114 ab
950 2047 1104 2118 Hercule
1135 2051 1178 2118 ad

71 2155 173 2226 lucem
204 2159 371 2253 protracti
399 2159 553 2252 genitam
586 2182 661 2228 esse
685 2158 782 2227 dicit.
825 2161 947 2229 Altera
976 2171 1071 2231 vero¹
1091 2165 1180 2234 ratio

71 2287 114 2337 est
139 2273 329 2343 verborum
357 2273 512 2365 quael.
542 2271 586 2344 G.
615 2271 810 2345 Schneider
834 2271 914 2343 Nic.
942 2271 1043 2344 Alex.
1071 2299 1108 2367 p.
1136 2276 1178 2346 32

23 2439 24 2448 .
72 2405 106 2450 ex
123 2386 222 2458 Aelio
248 2389 419 2458 Promoto
441 2387 543 2457 citat:
566 2387 602 2454 τὸ
625 2385 762 2453 ἀκόνιτον
787 2387 892 2478 φύεται
912 2386 964 2478 μὲν
985 2391 1014 2454 ἐν
1032 2386 1177 2470 ἀκόναις.

70 2497 149 2587 λόφος
184 2493 218 2568 δέ
257 2505 337 2568 ἐστιν
373 2504 402 2566 ἐν
443 2500 602 2593 Ἡρακλείᾳ
641 2503 719 2567 οὕτω
739 2521 744 2565 ’.
756 2501 948 2593 καλούμενος,
988 2484 1030 2577 ὧς
1057 2488 1182 2596 Ῐὶστοριῖ

71 2612 234 2706 Θεόπομπος
261 2615 315 2680 καὶ
336 2613 482 2708 Εὐφορίων
515 2606 549 2682 δὲ
579 2617 607 2679 ἐν
635 2607 728 2700 ξενίῳ.
766 2614 863 2684 Hinc
897 2615 1043 2686 herbam
1072 2618 1181 2709 origi·

71 2745 138 2796 nem
170 2729 454 2819 vocabulumque
482 2727 614 2818 cepisse
639 2750 657 2796 e
684 2727 829 2798 nomine
861 2727 1006 2798 collium
1041 2728 1179 2816 ’Andrum

70 2839 255 2935 inquibus
284 2859 464 2924 cresceret,
500 2842 685 2933 Euphorio
714 2839 872 2912 testatur.
919 2845 1179 2916 Convertamus

69 2978 122 3024 nos
152 2960 193 3028 ad
224 2957 399 3030 Ovidium
432 2955 493 3048 qui
524 2956 547 3023 l.
582 2956 652 3024 Vll
687 2977 720 3024 v.
753 2958 947 3048 406‘seqq.
977 2947 1045 3028 ita:
1081 2999 1099 3005 ψ
1147 2979 1159 3030 ·,

158 3126 262 3207 ¹Huius
281 3124 408 3197 (Thesei)
429 3123 460 3180 in
481 3121 603 3182 exitium
624 3122 730 3181 miscet
749 3124 866 3194 Medea,
887 3127 970 3200 quod
990 3125 1063 3184 olim

159 3211 308 3269 Attulerat
327 3225 428 3266 secum
450 3207 599 3282 Scythicis
617 3207 760 3265 aconiton
780 3208 816 3263 ab
837 3208 910 3266 oris.

23 3313 24 3316 ¹
132 3315 153 3352 1.
165 3294 241 3351 lllud
260 3292 434 3351 Echidneae
454 3305 624 3349 memorant
643 3309 660 3348 e
679 3291 819 3349 dentibus
838 3306 939 3360 ortum
987 3347 991 3355 .

162 3381 236 3438 Esse
256 3377 347 3439 canis.
367 3379 482 3452 Specus
503 3389 548 3434 est
565 3378 733 3449 tenebroso¹
748 3393 854 3434 caecus
875 3377 958 3438 hiatu

163 3465 201 3522 Et
220 3462 268 3521 via
288 3459 421 3532 decliviS‚
437 3477 602 3537 perquam
626 3459 805 3533 Tirynthius
824 3461 912 3519 heros
938 3525 939 3530 .

164 3549 335 3604 Restantern
355 3556 520 3617 contraque
539 3541 617 3599 diem
639 3541 800 3616 radiosque
819 3541 966 3601 micantes

163 3628 378 3704 obliquantem
398 3626 503 3683 oculos
521 3625 606 3682 nexis
625 3626 783 3683 adamante
803 3625 918 3682 catenis

165 3714 317 3771 Cerberon
338 3711 480 3779 attraxit,
500 3709 604 3767 rabida
623 3709 676 3784 qui
695 3708 832 3766 concitus
851 3709 894 3766 ira

164 3796 301 3872 Implevit
320 3795 431 3870 pariter
450 3793 542 3870 ternis
562 3793 720 3852 latratibus
739 3811 829 3851 auras

132 3883 156 3940 3.
170 3885 209 3940 Et
227 3879 335 3957 sparsit
353 3878 463 3936 virides
483 3877 598 3952 spumis
617 3873 786 3936 albentibus
804 3895 901 3952 agros.

165 3969 233 4026 Has
248 3973 406 4024 concresse
424 3976 531 4039 putant
550 3975 715 4037 nactasque
734 3960 876 4019 alimenta
894 3961 1000 4020 feracis

166 4047 358 4123 Fecundique
374 4046 432 4116 'soli
451 4045 530 4102 vires
549 4045 662 4120 cepisse
681 4043 821 4102 nocendi.
937 4113 982 4120 Ι,
1077 4109 1105 4115 Ἴ,
1154 4105 1182 4115 Ἴ,

131 4135 251 4204 2.Quae
267 4132 341 4206 'quia
361 4131 522 4188 nascuntur
541 4131 617 4186 duro
636 4125 749 4186 vivacia
768 4138 853 4184 caute

84 4219 87 4226 '
164 4215 438 4293 Agrestes·ac0nita
457 4220 570 4270 vocant.
1138 4219 1140 4227 ⁴
