2876 4700
477 310 854 404 «πη,

133 482 179 550 dc
204 481 306 550 titulo
329 481 447 573 quinti
471 480 561 552 libri
585 479 756 572 expressis
785 479 902 550 verbis
926 477 1043 548 nobis
1057 477 1094 547 fit
1117 473 1254 546 notitia.

135 593 248 686 Quod
263 618 404 668 carmen
429 596 527 689 quali
552 589 674 668 indole
693 594 812 681 fuerit,
838 595 867 664 si
891 595 972 686 quis
989 581 1149 686 quaeret,
1174 589 1259 660 satis
1329 614 1333 624 ¹

134 710 203 780 erit
218 713 410 782 admonere
425 713 468 782 de
485 712 586 782 Ibide
602 710 740 797 Ovidii,
762 711 858 802 quod
875 708 1096 803 poematium
1112 727 1259 800 prorsus

135 824 182 892 ad
214 825 485 900 similitudinem
515 825 745 898 Callimachei
770 824 881 897 Ibidis
914 824 1153 916 compositum
1183 844 1260 892 esse

136 937 215 1027 ipse
236 961 308 1009 non
334 953 407 1013 uno
423 941 509 1012 ,loco
533 941 731 1010 confitetur.
753 940 894 1014 ¹Plena,
908 957 1007 1014 etant
1031 938 1137 1012 huius
1161 933 1258 1004 modi

133 1050 1259 1146 carminaconviciorumetdetestationumhominibusquibus·

133 1167 220 1236 dam
254 1167 486 1258 ingesturum,
520 1189 610 1259 quos
643 1189 722 1237 cum
756 1169 868 1259 poetis
893 1168 1144 1238 obtrectassent
1183 1164 1256 1233 sive

132 1279 354 1367 nocuissent,
378 1303 513 1372 poenae
537 1282 615 1351 loco
639 1281 866 1354 acerbissimo
900 1280 1059 1351 dirarum
1084 1267 1155 1350 sale
1179 1298 1259 1369 per·

130 1392 331 1464 fricuerunt
365 1395 675 1486 perduxeruntque
711 1393 745 1464 in
785 1416 848 1468 ora
883 1416 922 1463 ac
959 1392 1113 1463 ludibria
1147 1389 1256 1482 vulgi.

129 1513 251 1599 Atque
276 1531 316 1578 ea
339 1510 446 1594 mala,
472 1531 563 1600 quae
587 1526 626 1577 ut
649 1509 724 1580 istis
742 1509 951 1593 acciderent,
977 1507 1146 1599 optabant
1166 1504 1259 1573 simi·

128 1622 229 1690 libus
263 1621 431 1714 exemplis
465 1645 483 1692 e
517 1622 717 1719 fabularum
758 1645 930 1692 memoria
965 1619 1163 1714 depromtis
1199 1636 1261 1688 aut

131 1736 396 1809 adumbrabant
429 1756 488 1808 aut
518 1738 774 1810 collustrabant
796 1756 830 1808 et
855 1737 890 1807 in
923 1737 1037 1807 maius
1072 1735 1258 1826 augebant.

134 1851 211 1920 Pro
236 1851 356 1921 multis
379 1868 419 1921 ut
442 1874 557 1922 unum
585 1852 729 1936 addam,
755 1851 909 1923 Ovidius
933 1873 1014 1924 cum
1040 1849 1184 1928 inimico
1209 1848 1259 1916 illi

131 1965 280 2036 nomine
312 1965 419 2035 ibidis
443 1983 564 2037 notato
579 1967 788 2036 “caecitatem
810 1967 1009 2036 'oculorum
1032 1965 1262 2056 imprecatur,

133 2097 309 2168 quantam
324 2064 452 2149 seriem
464 2079 651 2149 hominum
662 2087 849 2149 caecorum
859 2071 1027 2151 conectit!
1042 2102 1075 2148 v,
1089 2081 1258 2168 259-272.
1301 2161 1320 2188 Ο

232 2193 305 2285 Ἀραὶ
346 2195 586 2285 Euphorionis
615 2197 799 2285 quoniam·
821 2194 933 2271 dictae
972 2203 1076 2278 sunt,
1116 2193 1261 2260 Moerus

131 2306 372 2398 ipris-mentio
397 2308 511 2377 obiter
542 2309 718 2379 inicienda
744 2327 808 2394 est,
835 2330 879 2377 ne
909 2308 966 2378 illa
991 2305 1148 2377 carmina
1178 2303 1261 2374 titu-

132 2418 252 2490 lorum
281 2421 515 2493 similitudine
539 2421 673 2514 decepti
700 2422 837 2512 aequali
874 2444 1018 2516 quoque
1053 2420 1261 2510 argumento

130 2537 244 2606 fuisse
279 2559 298 2606 a
337 2537 459 2606 limine
499 2538 702 2628 opinemur.
753 2538 931 2609 Narrabat
952 2554 1086 2612 ¹autem
1120 2535 1259 2616 Moer0,

129 2667 174 2719 ut
203 2673 222 2718 e
256 2651 439 2720 Parthenii
473 2673 550 2745 cap.
584 2653 627 2722 28
667 2651 849 2722 discimus
885 2651 1069 2741 quomodo
1110 2647 1260 2717 Alcinoe

128 2761 321 2834 Corinthia
356 2761 543 2832 mulierem
584 2762 740 2853 aliquam
774 2762 951 2831 lanificam
984 2761 1143 2830 mercede
1173 2779 1259 2827 con-

130 2877 277 2946 ductam
312 2876 425 2967 pretio
467 2876 587 2946 debito
624 2876 838 2962 fraudasset,
879 2877 938 2946 illa
979 2894 1097 2945 autem
1138 2871 1263 2943 multis

128 2991 299 3084 precibus
323 2991 494 3060 auxilium
512 2991 695 3060 Minervae
719 2990 956 3083 implorasset.
994 2988 1139 3078 Quibus
1155 2988 1261 3057 deam

129 3122 351 3175 annuentem
397 3105 584 3175 mulierem
630 3106 726 3174 illam
774 3103 900 3175 insano
941 3125 1062 3174 amore
1111 3102 1263 3193 hospitis

128 3219 321 3287 cuiusdam
351 3218 551 3289 incendisse
583 3237 617 3290 et
653 3238 766 3290 morte
799 3220 990 3311 punivisse.
1034 3219 1155 3310 Quam
1180 3219 1262 3309 qui·

128 3335 217 3401 dem
246 3331 406 3402 fabulam
439 3373 481 3384 -
513 3355 628 3429 neque
657 3334 759 3403 enim·
787 3334 985 3424 quidquam
1012 3349 1150 3423 praeter
1179 3355 1259 3400 eam

131 3450 181 3517 de
204 3445 375 3517 carminis
397 3447 595 3538 argumenti
611 3464 833 3539 compertum
856 3447 1165 3521 habemus-totum
1182 3469 1262 3516 car-

130 3583 216 3630 men
258 3559 451 3651 explevisse
484 3583 615 3651 perse
648 3579 699 3630 est
729 3563 830 3631 valde
873 3561 1091 3631 incredibile.
1156 3562 1261 3651 Quas

129 3674 231 3744 enim
258 3696 329 3744 una
362 3675 569 3744 muliercula
605 3693 677 3744 tam
717 3676 845 3766 pusilla
880 3698 917 3744 re
950 3676 1096 3768 decepta
1131 3675 1261 3750 multas

130 3811 258 3882 preces
288 3829 333 3882 ·.·
362 3807 395 3858 et
424 3790 459 3858 in
496 3791 552 3860 his
589 3791 769 3861 cardinem
796 3791 845 3860 rei
878 3807 1055 3860 versatum
1080 3813 1155 3859 esse
1186 3811 1261 3856 car-

131 3902 243 3972 minis
275 3902 349 3996 ipse
378 3904 502 3973 titulus
528 3903 660 3972 indic-at
685 3943 727 3956 -
759 3904 803 3972 ad
834 3926 937 3973 aures
963 3903 1049 3973 deae
1082 3901 1260 3978 effundere

132 4016 271 4107 potuit?
307 4017 403 4110 Ergo
429 4017 513 4087 alias
541 4018 647 4086 etiam
671 4017 809 4087 fabulas
835 4020 958 4088 Moero
991 4039 1032 4087 eo
1059 4019 1259 4110 collegerat,

130 4129 330 4221 quibus-si
365 4131 451 4223 quid
480 4155 498 4202 e
528 4133 674 4201 nomine
711 4132 786 4225 ἀρῶν
820 4133 994 4204 enucleari
1032 4133 1162 4222 possit,
1195 4133 1261 4202 hoc

130 4245 282 4314 forsitan
301 4267 504 4316 commune
533 4245 657 4331 luerit,
697 4219 792 4337 quod
824 4248 860 4316 in
894 4245 1111 4338 argumentis
1142 4244 1260 4314 homi·
