2824 4700
628 248 872 321 -40,

281 441 309 486 1.
343 416 495 489 Ovidius
524 439 617 507 quae
646 417 691 498 de
715 417 901 488 wnatalibus
931 419 1078 492 Orionis
1116 423 1234 508 habet,
1271 447 1315 492 ex

187 531 417 624 Euphorione
446 531 627 622 expressit.
1323 535 1334 562 's

194 668 196 672 ·
276 667 309 716 a.
338 647 425 716 Pars
449 669 488 716 ea
512 645 652 716 fabulae
683 667 827 740 graecae
856 671 947 740 quae
974 674 993 719 a
1023 653 1141 723 verbis
1164 677 1312 745 σογνονο·

184 766 279 851 γενῶν
308 760 443 852 incipit,
469 760 691 853 Euphorioni
714 761 948 848 abiudicanda
981 770 1070 834 est.¹
1104 769 1198 860 Ergo

169 891 175 900 ·
277 876 309 945 3.
340 877 383 946 ad
422 876 532 946 alium
564 876 697 946 iontem
730 901 783 964 ea,
822 901 915 970 quae
950 879 1104 952 Ovidius
1128 884 1172 952 de
1198 885 1311 952 morte

185 990 494 1082 catasterismoque
526 991 674 1063 Orionis
704 993 821 1080 habet,
852 993 996 1064 ferenda
1020 1012 1115 1065 sunt.

181 1160 187 1167 .
273 1105 384 1175 Misso
400 1105 507 1198 igitur
524 1105 756 1198 Euphorione
767 1105 1140 1199 circumspiciamus-e
1151 1113 1310 1201 quonam

180 1219 343 1289 narratio
372 1220 495 1301 Ovidii
516 1238 589 1291 tam
613 1221 764 1307 concisa,
780 1237 783 1243 ·
800 1238 873 1290 tam
896 1223 1003 1292 etiam
1019 1223 1169 1293 obscura
1185 1225 1312 1292 hausta

185 1333 358 1404 videatur.
470 1383 473 1390 .
589 1395 591 1401 .
929 1379 932 1383 -

181 1504 185 1508 .
275 1447 316 1517 ln
331 1449 484 1541 epitome
503 1450 681 1519 Eratosth.
715 1450 848 1521 Catast.
868 1450 924 1519 ed.
946 1451 1038 1523 Rob.
1058 1451 1206 1522 XXXII
1225 1451 1312 1519 haec

184 1563 229 1631 de
246 1562 381 1634 Orione
398 1587 438 1634 ex
457 1546 618 1636 Hesiodo
635 1566 739 1634 ducta
762 1565 864 1635 nobis
888 1584 1091 1636 occurrunt.
1101 1567 1311 1656 ePostquam

185 1699 267 1746 eum
285 1698 366 1747 cum
384 1679 497 1749 Diana
523 1679 559 1747 in
584 1679 694 1748 Creta
713 1679 827 1748 insula
846 1697 1026 1770 praesente
1043 1681 1149 1749 etiam
1173 1681 1310 1748 Latona

185 1808 352 1862 venatum
367 1815 443 1862 esse
461 1810 644 1862 narratum
659 1811 723 1877 est,
736 1792 792 1862 —sic
808 1793 966 1884 pergitur
985 1820 991 1861 :
1009 1793 1059 1860 καὶ
1074 1787 1159 1860 δοκεῖ
1182 1793 1309 1865 ἀπειλοί-

185 1905 291 1972 σοισθοιΙ
305 1912 344 1984 ὡς
358 1912 417 1972 πᾶν
431 1907 526 2000 θηρίον
544 1907 654 1974 ἀνελεῖν
669 1915 728 1973 τῶν
743 1908 791 1974 ἐπὶ
807 1917 860 1984 τῆς
875 1917 930 1999 γῆς
945 1911 1119 2000 γενομένων.
1139 1907 1309 1999 θυμωθεῖσαν

185 2013 317 2106 θὲαθτῷ
343 2027 362 2096 ai
388 2031 436 2115 γῆ
466 2025 523 2111 (an
554 2028 572 2096 ἡ
602 2025 686 2111 Prii)
714 2022 828 2096 ἀνῆκε
854 2021 989 2114 σκορπίον
1015 2023 1166 2115 εὐρεγέθη,
1195 2023 1249 2112 ὑφ’
1274 2021 1308 2088 οὖ

183 2141 236 2228 σῷ·
266 2139 375 2227 κέντρῳ
411 2135 534 2229 πληγεὶς
566 2135 714 2204 ἀπώλετο.
740 2135 810 2202 ,ὅθεν
839 2127 892 2202 διὰ
918 2139 972 2210 τὴν
1012 2145 1099 2207 αὐτοῦ
1118 2129 1247 2227 Ιοίνθρίοιν
1278 2141 1316 2202 ἐν.

154 2257 249 2328 γσοῖς
289 2245 407 2343 ἄστροις
444 2251 531 2337 αὐτὸν
561 2251 660 2324 ἔθηκεν
700 2256 715 2317 ὁ
754 2251 834 2327 Ζεὺς,
880 2251 937 2316 ὑπὸ
972 2243 1201 2344 Ἀρτέμιδος
1238 2254 1310 2318 καὶ

183 2375 339 2442 Λητοῦς
366 2360 520 2444 ἀξιωθεὶς·
541 2367 648 2458 ὁμοίως
680 2367 731 2432 καὶ
762 2368 798 2434 τὸ
824 2366 918 2459 θηρίον
947 2377 1000 2434 τοῦ
1028 2363 1100 2434 εἶναι
1123 2369 1309 2460 μνημόσυνον

185 2491 239 2558 τῆς
265 2474 407 2572 πράξεως.
445 2525 447 2528 -

276 2595 380 2686 Quae
419 2596 507 2664 inter
547 2619 583 2664 se
619 2595 846 2664 consentiunt
879 2596 963 2664 haec
1004 2612 1106 2663 sunt:
1149 2598 1177 2684 t)
1209 2600 1310 2687 quod

186 2707 277 2780 Orio
301 2732 382 2779 cum
417 2709 529 2780 Diana
565 2727 599 2779 et
639 2711 774 2784 Latona
803 2727 961 2778 venatur.
997 2711 1028 2796 a)
1052 2710 1148 2799 quod
1178 2727 1313 2781 temere

185 2825 355 2917 gloriatus
379 2842 430 2894 est
459 2849 495 2894 se
519 2825 713 2916 quamlibet
738 2825 774 2894 in
799 2843 892 2894 terra
915 2823 1023 2894 feram
1050 2826 1175 2916 sagitta
1206 2826 1312 2918 figere

185 2962 300 3030 posse.
337 2938 368 3026 3)
395 2940 499 3029 quod·
522 2939 645 3009 Tellus
683 2937 873 3006 vanitatem
907 2936 1100 3007 verborum
1140 2937 1313 3030 indignis·

186 3043 427 3146 sime·.lerens
477 3053 702 3143 scorpionem
742 3051 888 3120 inmisit.
936 3052 973 3139 4)
1017 3052 1120 3142 quod.
1150 3052 1314 3122 Latonae

185 3209 398 3226 -ι-η-ι--ἑ-ι

251 3327 253 3331 ·
277 3312 286 3350 ¹
307 3307 360 3375 lta
384 3330 401 3375 e
425 3307 541 3375 verbis
564 3328 654 3397 quae
680 3307 916 3385 Meinekeira
942 3318 991 3374 m‘.
1025 3309 1087 3376 152
1116 3305 1309 3396 expressit:

185 3423 205 3460 a
220 3414 259 3465 ut
275 3395 484 3498 Euphorion
503 3395 599 3482 dicit,
609 3404 695 3485 post
711 3395 897 3465 adventum
910 3329 1134 3464 graecorum·
1144 3393 1314 3463 sacerdos

185 3486 342 3574 Neptune
359 3484 539 3574 lapidibus
553 3484 687 3552 occisus
707 3495 771 3566 est,
789 3485 873 3576 quia
889 3483 1085 3571 sacrificiis
1099 3505 1222 3554 eorum
1242 3506 1312 3552 non

185 3574 318 3643 vetavit
339 3571 537 3641 adventum.
564 3590 687 3661 postea
718 3572 987 3642 abscedentibus
1012 3571 1169 3656 Graecis,
1195 3595 1309 3662 quum

185 3663 315 3731 vellent
332 3661 525 3730 sacrificare
545 3663 728 3754 Neptun0‚
747 3664 911 3731 Laocoon
929 3661 1148 3750 Thymbraei
1167 3663 1311 3751 Apolli-

187 3751 240 3819 nis
265 3751 428 3820 sacerdos
452 3767 544 3820 sorte
561 3751 686 3821 ductus
710 3769 775 3835 est,
792 3768 830 3819 ut
860 3750 933 3819 fieri
955 3750 1061 3835 solet,
1079 3772 1191 3841 quum
1210 3752 1311 3820 deest

186 3841 348 3909 sacerdos
376 3856 502 3908 certus.
538 3839 593 3908 hic
618 3840 799 3932 piaculum
825 3838 1050 3908 commiserat
1071 3858 1173 3908 ante·
1196 3840 1310 3908 simu-

186 3928 507 3998 lacrumnuminis
542 3951 622 3997 cum
659 3929 814 4020 Antiope
851 3950 958 3998 uxore
989 3952 1053 3997 sua
1088 3929 1251 4002 coeundo
1277 3945 1339 3998 et·

186 4017 231 4085 ob
256 4018 322 4086 hoc
347 4015 515 4086 immissis
539 4017 752 4087 draconibus
770 4017 851 4086 cum
869 4017 941 4086 suis
964 4017 1045 4086 filiis
1072 4018 1310 4109 interemptus

186 4123 271 4187 esen
301 4106 344 4174 ad
386 4106 655 4197 Euphorionem
685 4107 837 4196 primam
861 4124 998 4176 tantum
1028 4106 1311 4176 enuntiationem

187 4195 360 4284 pertinere
384 4194 564 4285 ingeniose
590 4195 724 4265 Robert
748 4195 869 4286 philol.
899 4197 1040 4267 Unters.
1058 4196 1091 4260 V
1107 4198 1173 4264 205
1192 4195 1310 4266 evicit.
