2876 4700
543 317 591 330 -
641 275 687 351 ον

209 446 303 541 αὐτὰρ
333 451 352 514 ὅ
380 473 415 540 γε
441 452 596 540 στιβαροῖο
618 448 700 515 κατὰ
723 455 828 541 upupis
850 451 959 523 ἤλασεν
988 453 1082 544 ἴχνους

208 561 345 654 σκορπίος
372 553 514 654 άαροῑδής
542 563 635 655 ὀλίγῳ
662 565 721 630 ὑπὸ
748 570 800 630 λᾶι
826 571 969 648 λοχίσας.

120 733 123 738 ’
170 726 324 796 Nonnus
357 723 420 812 lV,
456 725 535 796 338.

161 840 164 846 .
205 860 257 956 ἧχι
286 863 360 930 ποτ’
394 862 513 955 Ὠρίωνα
542 856 695 957 δυσίμερον
718 865 782 932 οίία
813 865 900 957 γαίης

148 1023 150 1026 .
206 979 342 1071 σκορπίος
366 978 524 1072 οἱστόργοιο
555 977 675 1064 βοηθόος
713 979 867 1073 Ἰοχιαίρης

203 1093 327 1166 τηλίκον
357 1085 517 1186 impetrabat,
543 1092 737 1185 άνυριριάτοιο
767 1093 878 1172 θιαίνης

170 1235 173 1240 ⁴
204 1207 372 1299 ἀκροτάτην
399 1207 447 1274 ἔτι
475 1198 568 1284 πέζαν
600 1204 816 1272 ἀναστοίλαντα
841 1209 965 1289 χιτῶνος

206 1326 222 1386 ὁ
247 1314 356 1412 βραδὺς
379 1313 522 1412 ίροοίζων,
552 1319 667 1414 χθόνιον
696 1322 795 1405 τέρας,
827 1320 960 1406 ἀντιβίοο
977 1313 1011 1388 ll

204 1433 299 1528 rapuit
321 1429 573 1524 χαλαζάεντι
596 1437 695 1532 τυχὼν
719 1429 886 1528 ἐχαράξατο
915 1439 1037 1529 κέντρῳ.

190 1589 283 1659 Illud
321 1605 452 1673 autem,
487 1588 583 1679 quod
620 1587 729 1680 perite
761 1610 800 1657 ac
838 1588 963 1658 callide
1002 1589 1128 1658 adiecit
1156 1589 1223 1657 Ni·

94 1704 228 1776 cander
255 1703 349 1796 ὀλίρῳ
387 1703 444 1770 ὑπὸ
485 1707 538 1770 λᾶι
566 1704 700 1793 λοχίσας
730 1703 774 1771 ad
813 1701 1040 1772 notissimum
1077 1723 1223 1794 prover·

96 1818 198 1888 bium
227 1817 400 1901 alludens,
432 1815 567 1906 respuit
596 1815 826 1906 inelegantior
861 1815 1029 1885 imitator.
1071 1813 1142 1886 Sed
1186 1833 1224 1885 ut

96 1932 141 2000 ad
175 1929 444 2022 Euphorionem
483 1927 638 2014 veniam,
677 1951 818 1998 carmen
843 1928 920 1998 eius
944 1929 1041 2019 quod
1074 1927 1221 2012 Διόνυσος,

95 2044 170 2112 sive
202 2045 268 2114 hoc
297 2042 473 2134 peculiare
505 2063 596 2133 opus
633 2041 724 2127 sive,
757 2042 853 2132 quod
896 2041 1126 2112 verisimilius
1157 2060 1221 2127 est,

95 2172 233 2248 partem
279 2155 489 2247 Mopsopiae
540 2153 648 2224 fuisse
710 2156 846 2241 credas,
902 2156 1109 2247 inscriptum
1156 2174 1221 2241 est,

96 2271 251 2339 Nonnus
277 2270 457 2361 expressit,
482 2290 564 2339 cum
588 2269 622 2338 in
652 2276 846 2336 Atuatucam
862 2270 965 2340 libris
985 2271 1133 2341 eandem
1150 2269 1221 2339 lere

95 2403 171 2453 rem
201 2401 376 2454 tractaret.
401 2387 519 2474 Atque
543 2384 644 2453 filum
669 2405 788 2453 rerum
812 2407 832 2453 a
860 2385 927 2454 deo
952 2385 1013 2453 illo
1041 2401 1221 2476 gestarum

92 2521 111 2566 e
141 2496 346 2589 fragmentis
385 2497 628 2588 Euphorionis
664 2497 819 2590 relegere
856 2497 1065 2569 conantibus
1102 2499 1219 2588 primo

91 2614 172 2682 loco
203 2614 389 2704 ponendus
414 2630 467 2682 est
496 2613 551 2683 hic
580 2635 700 2683 versus
728 2614 863 2703 (fragm.
903 2616 971 2702 15),

199 2745 227 2810 ἐν
258 2741 325 2833 roupi
347 2740 464 2828 Βάκχον
495 2734 561 2807 δῖον
591 2743 661 2834 ὑπὲρ
688 2742 819 2833 φιάλης*
848 2742 1004 2826 ἐβάλοντο.

185 2893 385 2984 Dionysum
416 2892 607 2982 Zagreum,¹
636 2891 737 2963 Jovis
762 2895 797 2961 et
822 2894 1056 2985 Proserpinae
1088 2894 1215 2975 lilium,

87 3022 282 3098 postquam
311 3006 457 3076 Titanes
487 3006 705 3075 divulserant
736 3006 814 3096 (VI,
850 3009 941 3098 173),
976 3031 1088 3077 novus
1131 3013 1216 3101 Diof

87 3144 200 3213 nysus
229 3138 327 3191 ortus
369 3138 420 3191 est
462 3142 610 3211 corpore
642 3119 678 3188 in
713 3119 828 3189 varias
863 3119 997 3191 formas
1037 3117 1213 3208 mutabili,

85 3235 151 3328 qui
182 3235 265 3304 ite'm
289 3259 371 3304 cum
405 3258 442 3304 se
473 3234 565 3304 tauri
595 3234 708 3326 figura
730 3233 936 3320 abdidisset,
960 3236 1112 3307 Junonis
1132 3260 1217 3307 con·

84 3349 170 3419 silio
200 3373 220 3418 a
251 3348 440 3419 Titanibus
465 3347 589 3440 gladiis
614 3348 824 3418 dilaceratus
850 3367 912 3426 est.
942 3351 999 3421 Ad
1027 3351 1116 3422 hanc
1142 3375 1216 3422 rem

85 3487 108 3532 a
144 3463 277 3533 Nonno
306 3463 384 3551 (VI,
416 3464 494 3548 204)
526 3461 573 3530 ita
603 3473 828 3530 enarratam:
970 3463 975 3470 '

197 3602 248 3668 καὶ
279 3602 382 3695 θρασὺς
404 3603 523 3668 ὤκλασε
554 3610 659 3692 ταῦρος
678 3624 685 3638 ·
703 3599 848 3692 ἀμοιβαίῃ
874 3593 908 3667 δὲ
936 3611 1038 3693 φονῆες
1116 3663 1120 3682 2

198 3701 344 3809 ταυρορυῆ
375 3717 509 3783 Διόνυσον
536 3711 753 3807 ἐριστιίλλοντο
784 3713 929 3807 μαχαίρῃ.

87 3899 214 3946 versus
252 3877 309 3947 ille
343 3878 616 3970 Euphorioneus
658 3893 813 3968 spectare
855 3876 1017 3962 videtur,
1059 3894 1213 3967 praeter·

87 4015 199 4084 quam
240 3995 336 4084 quod
374 3993 522 4063 dissecta
552 3992 609 4061 dei
649 3991 809 4061 membra
838 3991 945 4063 etiam
978 3990 1023 4060 ab
1053 3991 1213 4061 hostibus

88 4108 245 4178 flammis
274 4109 331 4178 ille
360 4109 487 4179 tradita
516 4130 590 4177 esse
612 4124 734 4176 auctor
760 4123 820 4175 est.
856 4104 1106 4175 Anterioribus
1133 4128 1216 4174 eum

89 4223 254 4292 versibus
286 4244 414 4314 corpus
446 4222 502 4292 dei
528 4222 571 4291 ab
604 4221 673 4290 illis
697 4222 886 4290 laceratum
919 4220 1072 4306 finxisse,
1104 4222 1213 4288 adno-
