2876 4700
638 234 879 307 ...M-

282 413 380 483 Malli
398 410 544 482 Ciliciae
569 408 606 476 in
631 408 717 476 urbe
746 429 856 497 prope
884 407 927 476 ad
961 408 1155 500 Pyramum
1185 411 1317 483 flumen

190 529 259 598 sita
296 525 538 618 Amphilocho
568 523 830 592 nobilissimum
869 523 1053 590 oraculum
1093 524 1173 612 luit,
1223 533 1318 618 quod

194 639 391 710 Pausanias
417 640 430 708 l
458 639 527 727 34²
555 642 692 729 μαντεῖον
716 626 934 724 ἀψευδέστατον
958 641 1016 700 τῶν
1038 636 1161 730 ἐπ’ἐρσῦ
1186 639 1317 708 laudat.

192 755 308 826 Cuius
341 753 455 824 laudis
488 751 683 822 secundum
715 749 802 818 alios
835 766 995 817 auctores
1022 750 1150 840 Mopso
1176 775 1320 843 quoque

194 893 276 962 pars
306 869 423 938 debita
456 886 521 951 est,
554 887 635 935 cum
665 862 781 955 κτίσμα
816 862 996 955 Ἀμφιλόχου
1027 864 1079 929 καὶ
1114 864 1222 955 τύψαι
1248 890 1322 936 esse

193 983 383 1054 diceretur.

288 1099 328 1168 ln
362 1098 425 1166 hac
457 1096 544 1166 urbe
574 1112 750 1164 certamen
783 1094 870 1162 illud
899 1093 990 1164 inter
1019 1117 1079 1164 eos
1110 1097 1320 1165 acerrimum

196 1211 275 1296 fuit,
291 1212 334 1280 de
358 1233 430 1300 quo
462 1209 570 1278 schol.
600 1210 684 1299 Lyc.
707 1209 770 1294 ad.
794 1231 826 1275 v.
852 1229 922 1295 440
951 1208 1034 1276 haec
1066 1209 1181 1278 habet.
1222 1209 1322 1301 Ἀμφί-

192 1333 339 1416 λυχος-
355 1325 407 1391 καὶ
425 1322 528 1414 Μόψος
548 1324 576 1390 oi
594 1324 712 1416 μάντεις
733 1321 822 1396 ἦλθον
836 1323 874 1400 εἰς
896 1322 1046 1408 Κιλικίαν.
1078 1317 1323 1416 pacilianense
1405 1385 1406 1392 ,

195 1445 212 1505 ὁ
246 1438 420 1532 Ἀμφίλοχος
452 1437 628 1528 βουλόμενος
657 1437 840 1529 χωρισθῶναι
862 1437 900 1514 εἰς
915 1438 951 1504 τὸ
971 1437 1101 1532 Ἄργος,
1118 1439 1259 1531 παρέθετο
1278 1448 1323 1522 τῷ

196 1551 292 1643 Μόψῳ
320 1557 374 1628 τήν
408 1553 560 1638 βασιλείαν
592 1559 697 1620 ἑαυτοῦ
726 1555 866 1631 κελεύσας
899 1547 1029 1647 ρυλσὶξαι
1068 1557 1153 1647 μέχρι
1189 1558 1322 1620 ἐνιαυτοῦ

194 1669 270 1745 ἑνός.
288 1671 490 1762 πληρουμένου
513 1659 547 1734 li
577 1677 629 1734 τοῦΙ
657 1670 791 1733 ἐνιαυτοῦ
821 1665 906 1741 ἦλθεν
938 1675 954 1734 ὁ
985 1668 1168 1761 Ἀμφίλοχος
1202 1669 1253 1735 καὶ
1288 1675 1322 1734 οὐ

193 1783 357 1874 παρεχώρει
387 1786 403 1846 o‘
434 1778 546 1870 Μόψος.
577 1773 624 1846 διὸ
647 1779 712 1865 περὶ
729 1782 837 1848 τούτου
864 1784 934 1874 πρὸς
964 1783 1114 1860 ἀλλήλους
1145 1776 1320 1876 διαφερόμε-

1242 1898 1252 1919 Ι

190 1919 238 1959 νοι
260 1895 316 1960 ὑπ’
338 1895 479 1968 ἀλλήλων
505 1893 681 1985 ἀνῃρέθησαν
702 1916 708 1930 ·
728 1891 776 1970 οθς
795 1891 937 1984 θάψαντες
960 1895 988 1960 οἱ
1016 1899 1193 1974 ἐνοικοῦντες
1212 1921 1322 1988 πυργον

197 2003 310 2102 ρεταξὺ
355 2016 414 2075 τῶν
461 2007 564 2098 cuipam
598 2010 829 2088 κατεσκεύασαν,
861 2011 942 2087 ὅπως
972 2003 1048 2103 μηδὲ
1089 2010 1168 2104 μετὰ
1197 2012 1323 2077 θοίνατον

197 2125 339 2196 ἀλλήλων
368 2124 593 2200 κοινωνήσουσιν,
626 2127 664 2198 ὡς
690 2122 741 2187 καὶ
768 2127 784 2188 o‘
815 2122 960 2216 Εὐφορίων
988 2124 1044 2212 (ft.
1080 2129 1134 2213 50)

306 2251 443 2341 Πύραμον
465 2249 610 2339 ήχήεντα.
640 2249 727 2314 πόλιν
757 2239 786 2313 θ’
816 2245 977 2314 ἐκτίσσατο
1005 2251 1142 2318 Μαλλόν.

305 2361 339 2441 ἧς
370 2366 436 2455 πέρι
466 2357 548 2455 δῆριν
576 2362 676 2430 ἔθεντο
704 2354 894 2454 κακοφράθες
917 2363 1091 2436 ἀλλήλοισιν

305 2474 407 2566 Μόψος
436 2477 469 2542 τ’
504 2475 688 2568 Ἀμφίλοχός
709 2501 742 2541 τε
771 2475 822 2540 καὶ
851 2473 960 2568 ἄκριτα
983 2469 1158 2569 θηρινθέντες

310 2583 420 2683 μουνὰξ
446 2589 602 2657 ἀλλίστοιο
630 2591 726 2666 πύλας
758 2591 831 2674 ἔβαν
865 2582 1027 2668 Ἀἴθονῆος
1046 2596 1057 2684 Ἰ

292 2731 326 2798 Is
365 2731 408 2798 de
446 2751 519 2819 quo
558 2728 675 2820 primo
722 2750 825 2796 versu
863 2728 1104 2817 praedicatur,
1153 2730 1327 2800 nimirum

200 2843 461 2936 Amphilochus
500 2861 573 2927 est,
610 2864 717 2932 quem
760 2843 962 2931 pervenisse
993 2844 1035 2911 ad
1068 2843 1198 2914 flumen
1238 2846 1329 2915 illud

202 2958 387 3048 Euphorio
412 2957 556 3026 dixerat.
588 2958 781 3048 Pyramum
807 2956 913 3048 igitur
936 2957 1066 3027 flumen
1089 2959 1146 3028 ille
1167 2960 1327 3030 retinuit.

197 3076 280 3143 lam
297 3096 382 3142 vero
400 3073 589 3164 Lycophro
609 3089 703 3140 vates
721 3071 866 3140 alternis
883 3073 1047 3141 manibus
1064 3091 1215 3142 mortem
1240 3075 1330 3143 sibi·

202 3206 273 3256 met
319 3187 495 3276 paravisse
542 3187 716 3279 expressis
756 3185 873 3255 verbis
912 3189 1073 3277 exponit:
1114 3189 1331 3257 obscuriora

201 3301 389 3369 imitatoris
417 3301 521 3369 verba
549 3301 671 3368 ultima
705 3318 800 3369 sunt.
836 3293 946 3391 ρισυνὰξ
970 3301 1066 3370 enim
1101 3302 1186 3392 quid
1216 3303 1330 3394 signi-

202 3415 304 3483 ficat?
332 3417 470 3503 Nempe
498 3414 684 3503 separatim
713 3437 772 3482 eos
797 3417 841 3482 ad
869 3415 968 3483 sedes
991 3413 1129 3506 Stygias
1151 3415 1329 3505 profectos

199 3549 291 3610 esse,
325 3551 396 3595 non
427 3548 497 3594 una
530 3525 784 3616 communique
817 3544 931 3595 morte
962 3527 1163 3604 exstinctos.
1204 3529 1327 3618 Quam

200 3641 350 3710 obrem
380 3639 496 3731 primo
533 3639 658 3708 obtutu
697 3638 849 3707 conicias
888 3639 1157 3731 Euphorionem
1189 3640 1258 3709 alio
1287 3665 1329 3710 ex

200 3774 343 3824 auctore
369 3754 534 3845 pendere,
556 3753 617 3844 qui
638 3777 697 3823 eos
719 3777 790 3822 non
811 3755 936 3822 eodem
957 3754 1127 3844 temporis
1146 3774 1329 3824 momento

204 3871 401 3940 interfectos
434 3893 507 3938 esse
541 3887 754 3955 narraverat,
787 3869 867 3938 dico
905 3869 1117 3938 Hesiodum.
1167 3872 1201 3939 Is
1232 3871 1328 3939 enim

205 4063 420 4074 ..ῃ-..α--ι-

277 4171 286 4212 t
307 4169 404 4224 Verba
424 4185 459 4224 ex
479 4164 689 4223 emendatione
711 4163 1007 4224 Meittelrii-adhibita
1028 4179 1107 4222 sunt.
