2876 4700
606 175 900 248 ·-34-

300 349 339 418 In
362 349 425 418 hac
450 347 649 418 narratione
670 347 737 416 tria
762 348 913 440 insignia
938 367 1030 418 sunt.
1061 373 1093 420 a.
1117 350 1335 444 Origoher÷

213 463 277 532 bae
309 485 328 530 a
355 460 493 552 spumis
518 459 699 531 venenatis
722 459 868 532 Cerberi
894 479 1007 532 natae.
1022 526 1025 532 .
1040 463 1075 534 b.
1104 462 1232 554 Origio
1257 483 1334 533 aco·
1407 537 1411 553 ⁴

213 577 290 663 niti,
316 577 461 654 nomine
494 599 513 646 e
544 576 642 646 duris
666 575 841 662 cautibus,
867 577 902 646 h.
929 600 959 646 e.
986 601 1005 648 e
1029 579 1173 649 nomine
1190 581 1334 650 collium

219 693 341 760 Ἀκόναι
374 693 492 762 ducto.
537 713 566 760 c.
606 690 711 763 Ratio
754 692 1003 785 coniungendi.
1054 692 1210 785 Spumas
1254 695 1333 765 istas
1408 679 1412 760 l

214 806 347 902 passim
370 828 435 896 per
457 825 567 900 ¹agros
607 823 746 896 sparsas
784 804 1002 876 concrevisse
1049 807 1155 894 dicit,
1203 808 1333 878 scilicet

215 921 258 989 ad
287 934 406 989 cautes
436 917 543 988 duras
573 917 734 1009 viresque
766 917 914 988 nocendi
947 937 1101 991 nanctas.
1150 919 1277 1010 Quid?
1302 920 1333 989 in
1408 934 1413 995 ὲ

215 1034 270 1104 his
295 1042 413 1103 nonne
435 1029 679 1121 Euphorionis
705 1029 887 1122 ingenium
909 1030 1223 1123 deprehendimus,
1235 1034 1335 1123 ,quod
1408 1006 1413 1109 i

216 1143 401 1214 materiam
444 1143 541 1213 illam
585 1144 751 1214 Romano
799 1159 923 1234 poetae
968 1144 1334 1233 sumministraverat?
1409 1122 1413 1135 ¹

215 1256 467 1347 Callidumque
491 1255 678 1325 artificium
703 1254 826 1326 Ovidii
851 1255 1024 1340 conantis,
1049 1247 1140 1348 quae
1158 1256 1335 1350 Euphorio
1412 1317 1413 1326 ,

216 1371 362 1441 forsitan
392 1369 568 1460 discerpta
591 1368 824 1460 apposuisset,
849 1391 891 1438 ea
914 1369 1058 1440 fortiore
1082 1371 1226 1447 vinculo
1251 1372 1335 1441 inter
1358 1435 1359 1438 ,
1413 1374 1414 1379 ’

218 1510 255 1556 se
283 1483 521 1575 constringere
545 1483 664 1552 denuo
679 1482 948 1575 perspeximus.
1412 1481 1413 1484 ’

307 1599 389 1696 lam
415 1616 499 1666 vero
531 1595 714 1687 Euphorio
748 1595 945 1681 Cerberum
970 1597 1014 1666 ab
1041 1598 1194 1668 Hercule
1219 1587 1259 1667 ex
1284 1599 1349 1666 in·-

217 1711 300 1782 feris
336 1731 479 1780 sursum
516 1708 684 1800 eductum
714 1730 790 1777 esse
820 1709 987 1793 narravit,
1020 1709 1056 1779 in
1087 1725 1158 1801 qua
1189 1732 1226 1780 re
1257 1734 1333 1780 eum

219 1841 360 1894 secutus
392 1839 443 1892 est
474 1821 639 1893 Ovidius.
678 1824 795 1912 Atque
833 1823 902 1894 huc
928 1845 1069 1892 summa
1099 1846 1182 1894 cum
1211 1825 1333 1916 proba·

220 1938 352 2007 bilitate
371 1935 575 2006 referendus
589 1952 641 2004 est
654 1957 775 2004 versus
793 1936 887 2027 apud
902 1936 1030 2005 Miller.
1050 1937 1105 2008 Et.
1130 1936 1180 2008 M.
1199 1959 1276 2030 pag.
1293 1939 1335 2026 46

220 2075 248 2120 s,
274 2073 309 2119 v.
339 2045 461 2142 ἅρροιτος
492 2101 499 2115 .
531 2049 685 2142 Εὐφορίων.

309 2163 406 2256 ἀνέρος
436 2161 595 2256 οἱρροὶτοο[ο]
625 2155 738 2254 ρόωοδ’
772 2161 836 2231 ἀνὰ,
856 2164 997 2255 Κέρβερον
1027 2156 1116 2240 ἄξων.

285 2281 343 2348 .Is
373 2279 519 2368 dequo
548 2279 783 2369 praedicatur,
816 2279 987 2349 nimirum
1020 2278 1194 2351 Hercules
1222 2297 1281 2348 est.

310 2392 380 2484 ἀνὴρ
410 2409 526 2462 autem
557 2388 679 2485 ἄρρατος
714 2391 794 2481 quis
822 2393 897 2461 est?
944 2393 996 2463 De
1030 2392 1170 2462 duobus
1207 2411 1338 2462 tantum

222 2512 288 2580 hoc
329 2509 406 2578 loco
443 2506 610 2597 cogitatio
649 2507 805 2584 incidere
843 2524 968 2599 potest.
1002 2525 1116 2592 :aut
1152 2509 1249 2578 enim
1290 2527 1339 2576 est

224 2622 444 2714 Eurystheus
473 2639 533 2690 aut
564 2621 761 2692 inferorum
792 2621 891 2690 deus.
937 2625 984 2692 At
1013 2621 1193 2712 epitheton
1223 2617 1340 2714 ἅρροτος

224 2758 411 2827 nunquam
440 2736 485 2806 de
522 2735 720 2806 hominibus
753 2751 964 2827 usurpatur:
1003 2735 1073 2805 dici
1112 2717 1198 2804 sane
1233 2752 1340 2827 potest

223 2836 346 2945 dppeeov
379 2851 460 2931 ἔπος,
493 2852 583 2942 λόγος
614 2850 669 2919 vel
702 2849 770 2918 tale
797 2848 885 2940 quid
917 2865 1168 2941 ponunturque
1203 2848 1340 2940 ορροείδ

223 2967 329 3037 tionis
358 2966 473 3036 forma
500 2988 604 3056 saepe
628 2965 703 3057 ῥητά
725 2962 837 3059 ἄρρητα
861 2983 895 3035 et
922 2965 1064 3036 similia.
1119 2964 1338 3054 Admisitque

224 3082 312 3151 adeo
338 3079 527 3172 Euripides
549 3071 692 3170 (Helen.
726 3081 827 3171 1307)
843 3078 966 3174 ἅρρητος
982 3081 1071 3172 κούρη
1086 3079 1338 3172 Proserpinam

225 3196 437 3288 significans.
486 3197 609 3266 Restat
646 3197 766 3288 igitur,
795 3213 834 3288 ut
872 3198 918 3266 de
948 3197 1100 3266 Plutone
1133 3196 1332 3287 cogitemus.

226 3310 347 3401 Quem
377 3308 521 3378 nomine
551 3301 694 3404 ἀνδρὸς
723 3309 916 3402 appellasse
946 3307 1213 3403 Euphorionem
1245 3307 1337 3400 equi·

224 3427 307 3494 dem
330 3424 386 3494 vix
403 3423 491 3493 mihi
508 3427 743 3514 persuaserim
760 3426 858 3494 nullo
875 3441 1028 3496 exstante
1043 3424 1151 3495 simili
1169 3422 1334 3514 exemplo.

226 3539 313 3609 Inde
341 3559 424 3606 cum
452 3549 565 3608 cetera
592 3549 713 3608 versus
742 3539 848 3628 verba
878 3559 963 3608 sana
995 3539 1077 3622 sint,
1110 3537 1232 3630 ‚alapae
1262 3556 1336 3606 mu·

225 3653 372 3723 tandum
402 3652 568 3744 equidem
594 3675 718 3722 censeo
748 3653 782 3722 in
813 3676 937 3724 vocem
970 3646 1148 3746 ‚helponem

315 3769 347 3834 5.
382 3765 606 3858 Harpalycen
636 3766 820 3858 Euphorio
860 3768 904 3837 ab
931 3767 1010 3858 ipso
1041 3784 1139 3859 patre
1169 3767 1334 3858 Clymeno

225 3879 358 3973 Argivo
385 3895 623 3971 compressam
647 3879 834 3972 fratrisque
854 3881 1004 3951 minoris
1020 3881 1181 3952 membra
1196 3881 1336 3951 dissecta

226 3995 261 4063 in
292 3992 406 4082 epulis
442 3993 494 4061 illi
525 3991 744 4084 apposuissess
775 3995 928 4084 primus,
961 4012 1000 4064 ut
1022 3994 1174 4080 videtur,
1208 3991 1333 4064 rettulit

226 4105 350 4192 fragm.
383 4125 437 4172 20.
465 4105 699 4196 Aliquantum
727 4107 897 4196 temporis
925 4124 1046 4196 postea
1072 4128 1151 4177 eam
1183 4107 1331 4176 fabulam
