2876 4700
532 236 878 330 v-QO-

201 409 377 493 habuisse,
395 408 469 478 vcri
486 407 600 480 simile
615 425 662 496 et,
687 408 782 499 quod
807 408 851 477 ad
865 403 1132 476 Theodoridam
1156 401 1313 484 attinet‚¹

201 524 289 592 adeo
312 540 447 592 certum
471 540 533 592 est.
562 521 654 594 Sunt
677 522 783 615 igitur
807 520 865 590 hi:

295 627 486 729 Ἀλέξανδρος
510 636 634 730 fragm.
667 661 705 722 ις
795 723 797 728 Ι

295 742 521 844 Ἀπολλόδωρος
543 751 668 842 fragm.
694 772 730 838 4,
758 753 800 836 53

295 857 509 958 Ἀρτεμίδωρος
532 863 658 957 fragm.
686 888 729 956 73

289 979 474 1072 Δημοσθένης
497 977 622 1071 fragm.
649 1001 692 1070 93

295 1084 481 1184 Ἱππομέδων
505 1091 628 1185 fragm.
663 1116 717 1184 17,
747 1091 828 1176 183,

290 1208 463 1300 Πολυχάρης
486 1206 612 1298 fragm.
640 1208 695 1297 34.

291 1324 386 1407 Huc,
412 1323 529 1408 credo,
556 1321 743 1413 pertinent,
768 1343 893 1412 quaea
910 1321 1093 1392 Clemente
1109 1319 1210 1388 Alex.
1230 1340 1321 1386 nun-

202 1454 375 1529 cupantur
398 1436 574 1530 ἀντιγραφαὶ
595 1437 666 1529 πρὸς
687 1429 873 1530 assimiler
905 1437 1028 1528 fragm.
1068 1435 1099 1505 3.
1128 1433 1214 1522 Quo
1249 1455 1322 1502 car-

203 1555 298 1624 mine
328 1552 416 1643 quid
449 1551 650 1622 tractaverit
676 1569 793 1644 poeta,
817 1551 886 1622 dici
920 1549 1046 1642 nequit
1079 1551 1236 1640 itemque
1264 1549 1322 1619 ..de

205 1669 323 1738 indole
360 1689 398 1735 ac
437 1666 573 1736 ratione
612 1664 687 1736 eius
724 1665 926 1757 ambigitur.
976 1666 1139 1735 Fortasse
1169 1661 1321 1734 eandem

203 1804 277 1852 rem
310 1801 418 1878 quam
447 1778 693 1876 Theodoridas
724 1796 938 1865 narraverat,
972 1779 1030 1851 ille
1064 1799 1222 1869 quoque,
1249 1777 1320 1846 sed

203 1897 338 1964 diversa
363 1893 498 1964 ratione
521 1875 682 1984 exposuit
698 1910 758 1964 aut
781 1915 920 1963 carmen
946 1893 1033 1962 illud
1058 1889 1320 1962 dedicatoriam

202 2009 280 2093 fuit,
318 2030 390 2098 quo
427 2028 549 2077 rursus
585 2007 735 2100 gratiam
772 2009 1058 2104 voluntatemque
1096 2029 1196 2076 suam
1236 2028 1322 2096 erga

203 2120 415 2190 familiarem
447 2121 657 2190 ostenderet.
704 2126 753 2191 At
784 2121 877 2206 vide,
909 2144 953 2190 an
986 2120 1162 2213 genuinus
1190 2119 1326 2189 titulus

205 2237 311 2326 fuerit
333 2227 528 2329 Θροδωρίδας,
567 2257 675 2328 quern
705 2237 872 2308 Clemens
906 2253 973 2305 aut
997 2235 1203 2326 quicunque
1234 2252 1324 2302 ante

206 2371 287 2418 eum
321 2349 409 2419 alius
442 2349 697 2440 grammaticus
726 2349 965 2440 amplificavit,
1005 2369 1086 2418 cum
1123 2347 1327 2436 accuratius

206 2462 372 2532 carminis
389 2479 639 2554 argumentum
655 2484 694 2531 ac
709 2461 896 2532 consilium
916 2461 1128 2533 adumbrare
1152 2460 1324 2529 studeret.
1414 2535 1415 2540 .

260 2641 262 2644 .
295 2600 327 2646 2.
347 2576 549 2648 Secundum
566 2578 682 2645 locum
698 2597 836 2645 carmen
856 2575 1159 2666 obtinebit‚.qaed
1177 2573 1328 2643 nomine

206 2686 285 2784 Θρᾴξ
297 2693 428 2762 fertur.
458 2691 567 2782 Quod
585 2691 672 2782 quid
690 2691 757 2760 sibi
782 2690 879 2777 velit,
904 2711 1051 2782 prorsus
1067 2689 1154 2760 mihi
1171 2688 1327 2758 dubium

207 2826 275 2875 est:
311 2806 488 2897 siquidem
521 2824 771 2897 argumentum
802 2805 978 2896 respicias,
1013 2804 1227 2875 continuisse
1245 2805 1330 2873 ¹hoc

208 2921 425 3011 poematium
448 2920 577 2990 seriem
591 2919 794 2990 fabularum
809 2921 906 2989 nulla
921 2938 961 2989 ut
975 2920 1114 3008 videtur
1129 2920 1328 2988 necessaria

208 3034 301 3104 inter.
320 3057 356 3104 se
380 3033 514 3102 ratione
538 3023 764 3103 conexarum.
792 3036 868 3104 Has
893 3038 1010 3103 autem
1035 3033 1172 3103 fabulas
1205 3054 1342 3120 narra--

208 3151 297 3219 visse
324 3147 593 3239 Euphorionem
617 3146 809 3239 fragmenta
833 3148 986 3218 docent:
1351 3130 1354 3134 ’

302 3285 353 3354 ¹9·
384 3261 503 3352 fugam
541 3262 750 3354 Amphiarai
791 3262 891 3352 equis
928 3242 970 3332 eir
1006 3261 1127 3352 ignoto
1166 3261 1329 3350 quodam

209 3375 344 3469 proelio
368 3374 508 3445 servati.
619 3457 621 3461 ι

297 3511 353 3558 20.
390 3488 590 3580 Harpalyce
619 3511 639 3557 a
672 3507 769 3580 patre
802 3489 921 3559 vitiata
958 3491 1139 3579 quomodo
1176 3487 1334 3558 fratrem.

209 3605 385 3673 minorem
408 3603 444 3671 in
470 3603 583 3694 epulis
607 3603 659 3672 illi
684 3605 899 3697 apposuerit.

298 3739 353 3786 21.
388 3717 601 3786 Trambelus
639 3741 719 3787 cum
758 3720 840 3788 item
879 3719 1192 3790 incestasvmanus
1230 3719 1351 3788 filiae·

208 3830 372 3922 Apriatae
410 3830 537 3899 inferre
572 3832 687 3910 vellet.
728 3834 911 3924 quomodo
949 3850 1068 3924 postea
1098 3833 1327 3902 ¹ab.Achille

211 3946 366 4016 Lesbum
389 3947 590 4016 devastante
614 3948 748 4016 occisus
773 3949 842 4017 sit..

264 4189 371 4246 .1Cfr.
392 4190 482 4246 Anth.
505 4191 564 4246 Pal.
587 4193 639 4246 Vll
660 4193 727 4262 406.
748 4191 986 4264 (Theodoridae).
