2876 4700
9 405 11 420 r

9 449 11 472 l

513 260 784 385 ·-5a-

190 480 335 567 Confer,
360 480 389 550 si
409 481 496 551 tanti
512 499 577 569 est,
595 483 698 552 etiam
726 483 831 552 Pind.
852 505 959 553 carm.
978 484 1083 577 Pyth.
1108 487 1142 568 8,
1166 489 1218 557 16.

100 594 171 666 Sed
199 595 375 666 Iunonem
406 595 450 666 ab
485 597 751 688 Eurymedonte
791 598 826 667 vi
859 619 1100 689 compressam
1119 601 1221 670 'Pro-

101 711 281 779 metheum
310 727 413 802 partu
439 711 579 782 enixam
611 733 685 781 esse
716 729 796 782 ante
821 713 1092 803 Euphorionem
1116 737 1221 786 nemo

100 822 191 891 alius
234 824 399 893 narravit.
449 823 671 916 Supersedeo
707 825 772 916 hoc
808 815 892 895 loco*
922 844 1053 898 ceteras
1083 827 1220 898 fabulas

99 935 273 1022 subicere,
299 937 333 1005 in
359 959 510 1029 quarum
537 937 748 1008 memoriam
771 927 1111 1030 ante‘Euphorionis
1128 927 1220 1012 aeta·

97 1066 171 1120 tem
204 1071 308 1121 nemo
338 1041 501 1126 incidisse
531 1053 691 1122 videatur
714 1043 874 1146 quasque
896 1076 962 1145 pro
985 1077 1113 1147 magna
1140 1058 1221 1148 qui-

97 1166 178 1234 dem
210 1182 308 1256 parte
336 1166 497 1239 licentiae
523 1167 764 1258 Euphorionis
781 1166 955 1254 vindices3
987 1169 1049 1238 has
1070 1171 1218 1262 quirun·
1264 1169 1268 1178 ’

96 1301 163 1364 que
190 1280 323 1351 librum
349 1280 518 1351 Meinehii
544 1281 739 1372 accuratius
764 1281 937 1374 inspiciet,
962 1284 1061 1352 nullo
1079 1285 1219 1376 negotio

96 1394 249 1485 colliget.

635 1663 686 1746 V.

113 1909 402 2044 Euphorionis
434 1911 625 2003 carmina
658 1944 682 2002 a
716 1912 847 2003 Gallo
884 1911 1034 2032 lingua
1074 1909 1219 2000 Latina

551 2115 764 2205 expressa.

189 2309 296 2379 Felici
329 2329 413 2377 casu
446 2308 572 2392 evenit,
605 2307 701 2399 quod
731 2305 859 2397 exstitit
888 2323 991 2396 poeta
1019 2305 1217 2389 Romanus,

96 2407 242 2494 Gallum
271 2422 363 2508 dico,
399 2421 694 2507 Foroiuliensem,
723 2421 784 2513 qui
815 2420 858 2489 ab
874 2423 1038 2513 Augusto
1068 2422 1218 2512 Aegypti

95 2534 352 2628 praefecturam
381 2554 573 2626 acceperat,
603 2536 664 2626 qui
695 2557 766 2605 non
792 2535 910 2604 solum
936 2552 1047 2604 artem
1068 2552 1101 2603 et
1122 2534 1219 2603 colo-

95 2631 173 2717 rem
205 2649 446 2739 Euphorionis
476 2649 513 2717 in
546 2648 666 2741 elegiis
690 2649 764 2717 suis
789 2648 823 2717 in
849 2647 1057 2740 Lycoridem
1079 2647 1218 2739 scriptis

94 2763 224 2833 callida
258 2763 455 2834 imitatione
479 2762 659 2854 expressit,
685 2763 745 2832 sed
771 2762 877 2845 etiam
902 2762 1064 2836 carmina¹
1083 2761 1158 2830 eius
1183 2762 1216 2831 in

95 2875 258 2964 linguam
300 2873 464 2944 Latinam
500 2873 694 2943 transtulit.
745 2872 854 2963 Quod
893 2872 1039 2964 quidem
1078 2872 1218 2942 disertis
1277 2867 1280 2874 ’

11 3027 13 3082 l
92 2988 213 3057 verbis
236 2989 397 3058 Donatus
427 2987 462 3056 in
493 2986 564 3057 vita
598 2987 701 3078 Verg.
733 3008 813 3078 pag.
842 2986 907 3055 332
936 3003 971 3054 et
1003 2985 1142 3055 Probus
1175 2988 1217 3055 ad

91 3101 203 3192 Verg.
229 3101 303 3170 Ecl.
330 3104 381 3171 5o'
398 3101 502 3169 nobis
527 3101 748 3171 confirmant.
784 3101 909 3170 Fuisse
934 3117 1051 3170 autem
1071 3101 1217 3193 Eupho·

93 3213 236 3281 tionem
267 3213 301 3283 in
328 3235 456 3302 magno
480 3214 574 3304 apud
601 3213 784 3283 Romanos
808 3212 1055 3304 grammaticos
1081 3230 1217 3304 poetas-

91 3309 173 3418 que
196 3327 330 3396 honore
361 3328 414 3395 vel
450 3327 530 3396 inde
570 3344 674 3418 patet,
706 3325 816 3418 quod
834 3326 961 3399 Cicero
991 3348 1051 3394 eos
1069 3344 1216 3416 poetas,

91 3439 159 3532 qui
192 3462 211 3509 a
239 3439 390 3531 pristina
421 3438 645 3532 simplicitate
675 3441 718 3510 ad
748 3463 857 3532 genus
886 3439 972 3508 illud
996 3438 1217 3508 doctissimae

92 3577 243 3647 poeseos
267 3554 311 3624 ab
335 3553 584 3648 Alexandrinis
610 3554 764 3624 excultae
789 3553 928 3622 animos
953 3552 1217 3633 convertebant,

92 3667 388 3759 indignabundus
431 3685 470 3738 ut
516 3684 709 3738 «cantores
752 3667 1026 3759 Euphorionis»
1061 3667 1215 3758 castigat.

90 3784 258 3873 (Tuscul.
292 3783 383 3874 disp.
420 3784 475 3852 ΙΙΙ
514 3785 579 3875 19).
629 3784 755 3873 Neque
787 3781 977 3854 Diomedes
1008 3779 1077 3871 (ΙΙΙ
1106 3781 1218 3870 482³)

90 3899 267 3968 intereos
292 3914 425 3988 poetas,
450 3919 541 3988 quos
566 3897 774 3987 Propertius
793 3895 964 3966 'Tibullus
990 3889 1113 3965 Gallus
1138 3893 1217 3963 imi·
1303 3915 1306 3920 ·

90 4010 159 4081 tati
192 4027 297 4095 sunt,
331 4010 600 4102 Euphorionem
631 4010 759 4078 referre
792 4008 940 4078 dubitat.
973 4010 1021 4076 At
1051 4009 1095 4077 de
1126 4006 1219 4078 Galli

92 4125 317 4195 carminibus
356 4125 443 4194 nihil
474 4124 623 4193 omnino
655 4126 699 4194 ad
728 4141 887 4194 nostram
918 4137 1066 4191 aetatem
1096 4144 1220 4213 perve-

94 4240 171 4309 nit:
207 4239 250 4310 de
284 4241 415 4332 quibus
444 4241 473 4308 si
503 4239 590 4330 quid
623 4239 739 4308 doceri
775 4237 952 4329 cupimuS,
985 4236 1219 4305 recedendum
