2824 4700
648 267 892 342 ...rp-

211 440 251 512 ὡς
274 437 326 527 μὲν
349 438 422 504 ἔνιοι
445 440 596 531 λέγουσιν,
618 437 737 532 ἀνῃρέθη
762 431 905 508 δισκεύειν
921 441 1064 534 Ἄρτεμιν
1086 441 1343 534 προκαλούμενος,

211 556 251 628 ὡς
280 542 315 620 δέ
354 577 429 630 τινες
459 553 686 646 (Euphorio!)
719 547 962 647 βιαζόμενος
991 557 1101 624 Ὦπιν
1143 555 1233 648 μίαν
1263 555 1344 620 ’τῶν

213 660 253 744 ἐξ
283 665 894 761 ’Υπερβορέωνποιραγενομύνων
914 669 1189 762 παρθένιονὺπ’
1219 667 1343 761 Ἀρτέ-

214 772 328 871 μιδος
351 775 553 858 ἐτοξεύθη.
580 783 797 856 Auctoribus
824 781 1009 856 Herodoto
1029 785 1093 855 IV,
1115 784 1158 854 33
1178 801 1211 854 et
1227 783 1345 855 Calli-

214 887 341 976 macho
355 898 468 989 (hym.
484 897 535 968 lV
552 898 735 990 278-300).
755 900 1010 991 Hyperboreae
1025 898 1181 991 virgines
1196 897 1289 989 Opis
1306 916 1345 967 et
1408 919 1409 952 ³

214 1015 309 1103 Arge
327 1028 387 1082 aut
403 1011 495 1102 Opis
511 1029 545 1082 et
563 1016 661 1083 Loxo
679 1030 713 1082 et
729 1013 909 1105 Hecaerge
924 1013 1060 1106 primae
1076 1012 1206 1084 Delum
1226 1011 1346 1104 spica·
1408 1005 1409 1010 ’

130 1165 134 1172 ·
214 1146 295 1194 rum
320 1125 534 1216 primitias¹‚
557 1128 652 1218 quod
665 1127 800 1198 donum
824 1145 945 1218 postea
969 1126 1161 1218 quotannis
1178 1126 1347 1195 exsolve·-

216 1239 333 1326 batur‚
348 1241 469 1313 tulisse
492 1241 670 1313 dicuntur.
697 1245 817 1333 Atque
836 1241 946 1313 etiarn
960 1240 1213 1314 comitantibus
1228 1241 1349 1333 Apol-

215 1354 284 1426 line
300 1372 334 1425 et
349 1355 462 1427 Diana
480 1355 579 1448 Opin
604 1375 638 1426 et
661 1360 780 1449 Argen
805 1358 849 1427 ad
875 1379 953 1428 earn
971 1357 1125 1426 insulam
1140 1356 1347 1449 pervenisse

216 1469 451 1562 sollemnique
485 1493 505 1540 a
536 1470 717 1562 Delphicis
747 1470 892 1546 feminis
923 1471 1092 1563 religione
1125 1471 1236 1540 cultas
1267 1493 1348 1540 esse
1409 1491 1410 1530 1

216 1584 373 1657 tradunt.

302 1696 449 1785 sociam
473 1700 695 1792 amicamque
713 1701 847 1774 Dianae
867 1700 980 1793 Opin,
998 1701 1083 1792 quia
1103 1699 1194 1772 Orio
1208 1699 1347 1769 violare

216 1814 413 1905 temptavit,
439 1837 458 1888 a
482 1816 546 1886 dee
576 1815 777 1890 interfectus
801 1834 867 1890 est.

306 1931 398 2023 Opis
429 1955 512 2004 vero
550 1955 631 2006 cum
663 1934 753 2004 nihil
794 1934 891 2004 aliud
925 1934 969 2005 sit
1007 1933 1077 2004 nisi
1109 1933 1184 2024 ipsa
1228 1931 1345 2003 Diana

217 2049 369 2122 decursu
409 2050 555 2120 demum
595 2047 766 2141 temporis
797 2073 817 2120 a
856 2049 1123 2142 mythographis
1157 2066 1346 2138 tamquam
1410 2029 1411 2106 i

219 2187 311 2233 nova
341 2182 446 2256 atque
480 2165 612 2256 integra
655 2187 806 2256 persona
830 2165 985 2251 inducta,
1020 2165 1055 2235 id
1096 2165 1213 2256 quod,
1234 2163 1347 2233 unius

215 2279 408 2356 Alexandri
432 2281 559 2354 Aetolo
583 2281 787 2350 testimonio
815 2282 1044 2354 corroborare
1077 2278 1203 2350 sufficit
1231 2279 1346 2370 (apud

216 2395 265 2466 Μ.
298 2418 376 2488 pag.
412 2398 504 2486 225).
543 2399 672 2488 ὑμνῆσαι
701 2398 822 2488 ταχέων
845 2398 931 2464 Ὦπιν
956 2397 1114 2487 βλύτιιραν
1145 2397 1266 2477 ὀιστῶν,
1299 2427 1300 2430 “

308 2507 444 2582 Dianae
467 2531 612 2600 quoque
638 2527 744 2601 atque
769 2509 804 2579 id
830 2509 966 2598 vulgari
997 2508 1069 2579 fere
1093 2529 1132 2577 ac
1156 2506 1350 2578 notissima

216 2621 386 2713 opinione
424 2623 682 2694 incontinentes
715 2645 843 2692 manus
878 2622 1041 2694 iniecisse
1080 2620 1171 2693 Orio
1216 2621 1346 2692 fertur.

218 2737 289 2806 Pro
319 2759 389 2828 qua
422 2738 568 2807 audacia
597 2738 662 2807 dea
695 2759 776 2806 eum
806 2737 880 2806 sive
914 2736 1049 2828 sagittis
1091 2735 1231 2827 perfixit
1269 2735 1349 2805 sive

216 2849 444 2939 scorpionem·
466 2850 618 2945 inmisit..
642 2850 732 2922 Call.
764 2851 860 2944 hym.
894 2850 965 2936 ΙΙΙ,
991 2849 1071 2937 264.

304 2954 382 3053 μηδέ
412 2989 480 3031 τινα
510 2963 636 3057 μνᾶσθαι
663 2967 718 3039 τὴν
746 2963 952 3056 παρθένον-
977 2953 1124 3055 οὐδὲγὰρ
1148 2963 1249 3042 Ὦτος,

306 3070 373 3145 οὐδὲ
398 3081 450 3170 μὲν
487 3078 604 3171 Ὠαρίων
629 3079 738 3171 ἀγαθὸν
768 3079 865 3172 γάμον
892 3080 1103 3172 ἐμνήστευσαν.
1169 3119 1173 3128 ·

269 3283 277 3289 ·
305 3194 407 3264 Adde
431 3215 513 3264 eum
540 3194 603 3286 qui
638 3192 881 3285 Euphorionis
907 3191 1189 3283 Callimachique
1212 3192 1347 3262 scrinia

216 3306 448 3376 multifariam
486 3308 705 3400 compilavit,
749 3308 924 3379 Nonnum
964 3307 1014 3393 ΙΙ,
1065 3306 1134 3376 306
1148 3331 1162 3374 :-
1200 3306 1353 3399 Ἄρτεμις

222 3419 349 3510 Ὠρίωνος
375 3421 522 3512 ἀναγκαίη
546 3413 648 3515 δοίμαρ
676 3423 767 3490 ἔστω.
803 3407 878 3492 Cfr.
909 3442 969 3510 44,
1001 3419 1082 3489 303.

215 3595 430 3610 Ἣ

277 3688 483 3746 .1Callim.v.
505 3687 572 3744 281.
592 3689 639 3751 καὶ
661 3691 686 3750 οἳ
707 3688 864 3772 καθύπερθε
886 3685 998 3767 βαρείης

339 3779 411 3845 οἰκία
432 3781 505 3855 θινὸς
525 3777 630 3860 ἔχουσι,
653 3779 912 3862 πολυχρονιώτατον
934 3771 1017 3855 αἷμα,

338 3875 364 3938 οἳ
385 3875 436 3952 μέν
456 3894 497 3936 τοι
517 3871 651 3949 καλάμην
671 3894 702 3934 τε
722 3873 770 3936 καὶ
792 3870 853 3956 ἱερὰ
874 3873 1024 3955 δράγματα
1044 3877 1149 3955 πρῶτοι

338 3965 484 4049 ἀσταχύων
505 3966 657 4046 φορέουσιν.

236 4055 238 4060 “
341 4059 429 4116 Unde
449 4057 531 4133 Opin
545 4057 703 4134 Euphorio
717 4058 835 4133 appelat
855 4056 1066 4142 ἀμαλλορόρον.
