2824 4700
514 300 760 380 ..25-

84 477 210 568 agebat,
245 479 478 572 Mopsopianr
493 481 612 551 ··dico.
667 483 794 573 Aequa
812 535 815 542 .
830 480 968 550 ratione
1009 480 1192 556 «Διόνυσοςα

83 597 209 680 partem
225 593 450 687 :Mopsopiae
475 593 629 674 effecisse
660 594 823 669 concludi
847 579 972 686 potest.
1001 591 1195 688 Fragmen-

81 720 149 774 tum
176 707 271 776 enim
305 731 343 778 rt
363 739 404 767 ε
424 705 549 800 Steph.
570 710 669 800 Byr.
700 711 731 778 s.
762 711 799 778 νζ
824 710 986 802 larigna·-

159 821 253 909 Ἴχνας
284 822 320 890 ἂν
354 822 526 916 Ώρυχίοισιν
552 827 581 891 ἐν
606 827 723 918 ipxaoor
755 823 957 892 ὀκλάσσαιντο
973 823 1189 914 (ex'emend.

81 934 249 1024 Meinelrii)
292 937 336 1009 ad
385 937 613 1029 nescioquam
655 938 811 1009 Atticam
850 937 1009 1008 fabulam
1044 953 1189 1027 spectat,

80 1071 157 1120 cum·
187 1051 316 1144 Ὠρύχιον
347 1052 445 1122 locus
474 1053 612 1124 Atticae
645 1053 700 1123 sit.
753 1051 915 1122 Forsitan
947 1051 983 1121 in
1017 1050 1083 1122 hoc
1122 1051 1192 1121 car·

80 1165 168 1236 mine
184 1165 290 1236 etiam
313 1167 507 1238 adventum
527 1165 652 1238 Bacchi
677 1166 713 1235 in
729 1166 897 1252 Atticam,
924 1165 1073 1235 domum
1090 1164 1193 1235 Icarii

79 1276 279 1350 devertentis
320 1297 354 1350 et
386 1279 456 1350 fata
494 1280 589 1350 illius
632 1280 795 1371 filiaeque
830 1279 1048 1372 narraverit,
1085 1299 1194 1370 quam

81 1388 224 1460 fabulam
244 1394 412 1475 Nonnus,
429 1415 538 1485 quem
553 1393 620 1468 hoc
634 1393 878 1484 Euphorionis
906 1392 1063 1463 carmine
1087 1413 1192 1460 usum
1230 1449 1234 1459 ,

82 1523 300 1597 essepostca
327 1507 477 1594 docebo,
508 1507 600 1578 libro
631 1529 678 1599 47
718 1507 906 1599 expedivit.
960 1508 1040 1578 Hoc
1076 1521 1195 1574 autem

80 1635 239 1686 concesso
270 1639 392 1692 nonne
416 1617 692 1694 eademratione
721 1620 765 1689 de
801 1617 924 1688 ceteris
955 1616 1062 1686 huius
1094 1615 1192 1685 modi

81 1730 256 1817 poematiis
285 1732 494 1804 concludere
520 1749 581 1802 aut
605 1734 729 1803 saltem
746 1733 906 1804 conicere
930 1731 1022 1816 licet,
1038 1731 1192 1802 Alexan·

80 1842 149 1925 dro,
181 1846 445 1932 Demosthene,
482 1847 719 1938 Apollodoro,
758 1846 1009 1930 Artemidoro,
1044 1844 1191 1915 ceteris?

36 2035 40 2043 ,
82 1955 225 2030 Possunt
259 1981 342 2030 sane
371 1959 564 2051 particulae
598 1983 672 2030 esse
708 1960 859 2030 Hesiodi
883 1961 938 2030 vel
969 1959 1188 2042 Chiliadunr,

81 2071 138 2141 hoc
165 2093 237 2156 non
275 2097 412 2166 premo,
450 2077 511 2144 sed
551 2075 639 2146 illud
678 2092 837 2145 tantum
858 2097 950 2168 ago,
969 2097 1012 2144 ne
1041 2075 1121 2165 quis
1152 2095 1191 2142 ea

80 2187 259 2274 peculiaria
289 2189 447 2260 carmina
478 2189 635 2260 effecisse
664 2190 851 2264 existimet.

159 2301 260 2393 Quas
274 2301 511 2387 difficultates,
543 2323 625 2371 cunr
640 2303 810 2392 Meinekii
838 2300 1078 2393 disputatione
1106 2320 1186 2391 pag.

83 2416 306 2508 15-29non
331 2415 494 2485 distincte
519 2415 735 2507 aperiantur,
765 2415 918 2486 strictius
946 2414 1074 2484 iterum
1102 2411 1190 2503 quin

77 2547 243 2622 tangerem
277 2531 390 2601 facere
424 2553 498 2601 non
526 2531 639 2624 potui.
689 2530 806 2606 Simul
836 2553 876 2600 ea
897 2525 1058 2614 addidi,
1098 2549 1190 2619 quae

76 2662 148 2732 post
178 2662 327 2715 aetatem
356 2644 450 2716 illius
482 2645 678 2724 doctissimi
706 2644 772 2714 viri
810 2645 1015 2735 interpretes
1046 2642 1187 2714 Chalci·

73 2759 164 2830 densi
194 2777 318 2851 poetae
348 2761 657 2832 vindicaverunt.¹
967 2835 970 2840 ,

151 2876 314 2944 Tandem
338 2874 395 2944 via
414 2874 585 2965 patefacta
610 2890 663 2942 est
693 2873 736 2941 ad
762 2894 840 2941 earn
865 2893 972 2963 quam
998 2869 1088 2939 mihi
1118 2869 1184 2938 hoc

73 2987 175 3080 capite
201 3009 456 3080 proposueram
471 2987 728 3080 quaestionem.
769 2987 864 3056 Nam
890 2985 965 3078 ipsa
989 2984 1184 3075 fragmenta

74 3099 306 3193 Euphorionis
337 3102 367 3170 si
396 3101 654 3186 examinamus,
688 3120 943 3191 saepenumero
970 3100 1055 3166 eum
1083 3097 1184 3165 vide-

74 3236 143 3285 mus
163 3240 202 3288 ea
227 3233 436 3307 argumenta
459 3232 679 3301 tractantem,
711 3237 802 3306 quae
825 3214 1017 3284 maximam
1035 3212 1187 3282 habeant

72 3329 334 3400 similitudinem
365 3352 448 3399 cum
478 3329 521 3399 iis
562 3329 686 3416 rebus,
726 3351 815 3420 quas
846 3329 1000 3401 Ovidius
1039 3327 1113 3396 sive
1154 3327 1187 3395 in

74 3446 396 3535 metamorphoseon
428 3443 529 3516 libris
560 3443 636 3512 sive
659 3429 831 3514 fastorum
864 3443 1029 3514 narravit.
1082 3441 1186 3513 nefa

75 3557 173 3626 reoda
209 3574 292 3626 sunt
329 3558 398 3627 huc
435 3557 555 3626 omnia
581 3579 735 3647 eaquae
764 3557 910 3649 proprio
946 3579 1055 3626 sensu
1089 3582 1183 3648 μετα-

75 3676 226 3764 μορφώσεις
255 3671 420 3757 dicimus
450 3673 684 3764 καταστερισμοὶ
709 3695 834 3763 parm,
871 3671 1045 3765 ἀφανισμοὶ,
1077 3672 1188 3749 κτίσεις

76 3819 280 3832 ’.Ἧι-.-

139 3906 149 3947 ¹
171 3902 229 3964 llis
248 3902 439 3977 adiungenda
458 3913 528 3959 sunt
541 3901 631 3958 verba
650 3902 731 3976 apud
746 3899 821 3960 Mill.
833 3919 899 3976 pag.
919 3921 968 3978 47,
990 3903 1027 3978 76
1047 3898 1187 3986 δεξιτερὴν

74 3996 201 4079 ὑπερέσχε
220 3994 268 4062 καὶ
289 3996 413 4076 ὀχθηρῆς
433 3991 592 4078 Γερανεῑης,
613 4008 643 4066 ¹e
674 3990 784 4066 quibus
814 3991 896 4066 prior
924 4009 993 4067 pars
1024 3993 1189 4052 hexametri

75 4088 145 4158 apud
178 4089 217 4146 M.
247 4089 329 4144 deest
356 4085 470 4161 (fragm.
499 4089 556 4159 92).
589 4085 679 4141 Deest
711 4099 834 4157 quoque
870 4081 985 4158 integer
1010 4082 1058 4140 hic
1077 4076 1190 4142 versus.

75 4167 173 4243 Miller,
194 4191 222 4246 p.
235 4171 273 4244 46
293 4189 316 4230 s.
333 4190 359 4230 v.
381 4170 513 4256 ἄρρατος,
544 4168 657 4249 Ἀνὲρος
671 4165 827 4249 dppa'todo]
852 4165 958 4248 po'ucd'
981 4165 1034 4228 ἀνὰ
1049 4168 1189 4252 Κέρβερον

74 4255 149 4332 ἄξων.
172 4264 291 4338 dequo
311 4277 417 4338 postea
436 4261 597 4320 dicendum
617 4273 670 4316 est.
