2824 4700
659 264 904 340 ..13..

216 440 497 533 pronuntiatum,
524 437 783 530 Priamumque
808 455 846 506 ut
869 438 1071 530 periculum
1096 439 1228 510 instans
1261 461 1334 530 pro·
1394 419 1395 452 l

215 555 373 647 pelleret,
398 552 472 622 sive
504 550 641 628 inscitia
665 551 737 620 sive
760 551 803 620 de
829 550 1002 621 industria
1026 552 1118 622 inter
1146 567 1334 643 puerperas

216 692 286 739 non
320 668 522 752 Hecubam,
557 668 617 737 sed
652 665 781 738 Cillam
813 667 857 736 ad
891 684 1043 738 mortem
1076 667 1232 758 elegisse.
1264 671 1335 758 Age

215 802 301 851 vero
331 779 459 850 coniux
483 778 595 850 Cillae
626 796 678 847 est
710 779 941 870 Thymoetes,
973 779 1217 852 nobilissimus
1248 779 1334 849 inter

215 896 392 968 Troianos
415 894 469 963 vir
494 895 577 982 (sch.
605 895 689 986 Lyc.
718 893 797 985 319)
823 911 927 987 atque
952 895 1041 966 adeo
1057 895 1227 988 opinione
1253 895 1335 964 alio·

217 1032 299 1080 rum
315 1025 491 1100 ¹cognatus
511 1006 673 1077 Priamo.
721 1009 827 1078 Nunc
853 1008 1094 1100 Euphorionis
1121 1009 1230 1104 uerba
1245 1028 1336 1078 con·

217 1125 424 1194 sideramus.
452 1120 551 1194 Serv.
579 1122 623 1192 ad
638 1126 730 1191 Aen.
758 1123 793 1192 ΙΙ
821 1122 862 1196 32
890 1124 947 1213 (=
968 1123 1019 1196 M.
1035 1124 1157 1216 fragm.
1177 1126 1273 1212 15o);
1295 1125 1338 1194 Ut

218 1237 404 1330 Euphorio
421 1236 518 1321 dicit,
532 1235 697 1306 Priamus
713 1258 754 1305 ex
767 1236 897 1324 Arisba
914 1237 1028 1308 filium
1041 1255 1158 1307 vatem
1172 1236 1337 1328 suscepit,

217 1352 278 1443 qui
303 1373 384 1421 cum
408 1350 564 1434 dixisset,
582 1349 738 1440 quadam
762 1349 819 1420 die
837 1351 1057 1422 nasciturum
1074 1374 1150 1422 esse
1175 1372 1336 1442 puerum,

217 1488 280 1558 per
316 1487 422 1556 quem
457 1463 568 1533 Troia
602 1480 723 1555 posset
758 1465 880 1549 everti,
919 1482 1130 1556 pepererunt
1163 1465 1273 1534 simul
1309 1481 1338 1532 et

216 1581 437 1670 Thymoetae
461 1599 549 1647 uxor
566 1594 600 1647 et
616 1578 777 1664 Hecuba,
797 1601 888 1669 quae
914 1580 1047 1651 Priami
1072 1580 1231 1672 legitima
1256 1596 1336 1650 erat.

218 1694 278 1763 sed
328 1693 494 1762 Priamus
540 1692 762 1783 Thymoetae
809 1692 923 1762 filium
970 1715 1188 1784 uxoremque
1237 1692 1337 1762 iussit

218 1804 359 1875 occidi.¹
388 1803 553 1873 Primum
578 1803 723 1873 nomina
744 1827 787 1874 ex
805 1807 1039 1898 Lycophrona
1063 1806 1333 1876 substituamas:

218 1939 313 1990 vates
337 1919 395 1988 ille
420 1942 461 1991 ex
479 1919 608 1990 Arisba
632 1918 726 1989 filius
740 1923 899 1990 Aesacus
923 1937 988 2005 est,
1015 1943 1103 1990 uxor
1117 1921 1336 2012 Thymoetae

167 2112 171 2118 ,
219 2035 325 2121 Cilla,
350 2034 425 2104 eius
440 2057 528 2126 puer
552 2033 761 2126 Munippus.
793 2032 920 2131 Statim
944 2052 1063 2105 autem
1086 2053 1236 2128 apparet
1258 2057 1336 2105 con·

218 2150 320 2220 flasse
337 2149 604 2240 Euphorionem
619 2150 707 2219 duas
723 2172 812 2241 quas
829 2151 1017 2242 Lycophro
1033 2150 1185 2242 seiungit
1200 2150 1336 2220 fabulas
1394 2139 1395 2142 '

219 2265 288 2351 vel,
304 2264 332 2334 si
346 2265 412 2332 hoc
427 2263 539 2356 magis
555 2264 678 2354 placet,
695 2264 849 2333 oracula.
877 2265 972 2334 Nam
986 2268 1141 2334 Aesacus
1166 2263 1337 2355 expressis
1394 2251 1395 2256 ’

219 2377 336 2448 verbis
376 2378 420 2447 de
452 2377 624 2448 sacrificio
656 2378 828 2450 Hecubae
860 2377 1008 2468 eiusque
1036 2377 1182 2448 infantis
1215 2379 1337 2454 admo-

220 2511 355 2578 nuerat,
381 2494 482 2562 etde
505 2493 613 2562 altera
637 2513 811 2585 puerpera
837 2493 1055 2562 immolanda
1087 2510 1161 2562 tum
1193 2492 1336 2562 demum

108 2697 112 2703 Ι
219 2607 364 2698 cogitari
395 2625 560 2698 poterat,
603 2624 792 2698 postquam
836 2595 984 2676 alterum
1027 2607 1113 2676 illud
1156 2595 1338 2676 oraculum

219 2707 355 2792 Zeleiae
381 2703 603 2812 rexaccepir.

221 2922 434 2934 ...—---—
454 2931 456 2936 ,

290 3019 301 3058 1
323 3015 480 3072 Paululum
501 3033 517 3071 a
539 3013 739 3090 Lycophrone
752 3012 841 3071 distat
854 3012 1032 3088 Apollodori
1053 3012 1184 3070 narratio
1206 3013 1248 3068 111
1275 3030 1306 3068 12
1320 3012 1339 3068 ⁵.

219 3103 361 3167 A'esacus,
381 3097 504 3154 Arisbes
533 3095 622 3164 filius,
652 3113 722 3152 cum
751 3097 788 3152 de
814 3094 940 3152 terribili
966 3094 1200 3154 visoHecubae
1227 3111 1243 3150 a
1273 3111 1340 3168 rege

220 3194 342 3260 rogatus
367 3180 452 3250 solum
478 3181 613 3254 infantem
638 3177 748 3253 exponi
776 3178 918 3249 iussisset,
950 3179 1088 3236 Priamus
1117 3181 1175 3236 uati
1199 3179 1340 3235 oboediens

220 3282 345 3341 puerum
366 3265 478 3321 ramulo
504 3263 602 3322 tradit.
634 3263 749 3320 Tamen
773 3262 896 3320 exitium
926 3262 999 3334 eius,
1027 3263 1138 3338 quippe
1165 3261 1217 3336 qui
1248 3262 1340 3335 pestis

219 3348 331 3424 patriae
349 3347 467 3406 futurus
486 3361 569 3418 esser,
592 3347 653 3405 fato
673 3346 860 3422 prohibitum
879 3359 933 3404 est.
