2876 4700
516 279 761 354 ..41-

82 467 216 542 quoque
245 450 437 544 praecipuo
468 450 625 542 impulsu
648 489 694 502 -
715 450 760 519 de
786 447 901 528 Diana
930 449 1019 520 nihil
1050 449 1198 544 quidem

26 585 27 588 ’
82 562 293 636 Ouidius-
318 565 410 636 inter
434 565 549 636 sidera
566 565 652 634 caeli
677 580 837 656 receptus
861 581 924 633 est.
959 565 1085 636 Unum
1110 563 1198 632 illud

81 677 220 748 forsitan
252 679 333 771 quis
365 679 627 750 desideraverit.
661 679 875 750 Narravitnc
920 678 1100 748 Hesiodus
1140 696 1200 748 aut

26 785 28 788 ’
78 790 105 858 is
130 791 190 882 qui
223 792 408 864 historiam
438 815 547 864 exeo
581 792 762 884 exscripsit
790 792 967 864 Orionem
999 793 1199 884 periculum

81 902 228 980 Latonae
266 903 460 974 imminens
500 903 725 996 propulisse?
765 903 882 975 Verba
923 904 1017 974 enim
1060 896 1125 971 διὰ-
1140 887 1200 978 ’τὴν

26 1009 28 1070 s
77 1016 162 1083 eicon
188 1009 308 1112 ἀνδρίαν
331 1019 374 1088 ad
391 1020 458 1090 hoc
474 1019 594 1112 ipsum
617 1040 660 1090 an
687 1020 731 1089 ad
757 1019 920 1089 virtutem
938 1019 1197 1092 fortitudinem·

26 1185 27 1188 ,
78 1155 138 1223 que
166 1131 254 1206 vasti
285 1136 441 1228 hominis
467 1137 502 1208 in
535 1137 743 1208 universum
768 1154 924 1228 spectare
949 1136 1197 1206 censebimus?

76 1293 78 1297 ·
160 1253 258 1322 Haec
281 1251 404 1322 omnia
430 1275 522 1345 quae
545 1257 589 1322 de
613 1275 786 1323 consensu
812 1252 903 1324 inter
927 1252 1197 1324 Chalcidensem

81 1382 109 1432 et
142 1367 347 1438 Romanum
386 1386 508 1458 poetas
554 1368 706 1439 disserui
744 1367 1047 1460 perpendentibus
1095 1367 1198 1437 nobis

79 1482 266 1552 necessario
291 1484 558 1571 concedendum
584 1502 648 1570 est,
675 1505 746 1553 non
771 1484 879 1554 modo
904 1482 1079 1555 Ovidium
1106 1483 1198 1554 lecti·

81 1611 160 1666 tasse
193 1599 351 1670 carmina
392 1599 657 1692 Euphorionis,
690 1600 751 1670 sed
792 1599 897 1669 etiam
936 1599 1198 1690 exemplaribus

26 1799 27 1806 ρ
81 1708 141 1778 illis
165 1733 269 1784 usum
299 1714 476 1805 permulta
501 1713 536 1783 in
569 1736 651 1784 suos
677 1714 786 1784 libros
810 1713 1043 1784 transtulisse.
1076 1717 1195 1804 Atque

26 1843 28 1878 r
83 1823 167 1894 haud
185 1825 257 1896 scio
269 1849 312 1896 an
327 1849 398 1897 non
414 1827 562 1898 ultimus
580 1829 669 1898 ordo
688 1828 780 1899 inter
796 1851 856 1898 eos
871 1843 1031 1898 auctores
1047 1828 1198 1898 Alexan-

26 2031 27 2036 ρ
81 1937 206 2026 dunos,
237 1963 394 2032 quorum
424 1943 583 2014 doctrina
612 1943 736 2016 Ovidii
765 1966 871 2037 opera
900 1941 1095 2030 abundent,
1123 1944 1197 2013 Eu-

26 2079 27 2110 ν
80 2053 234 2141 phorioni
259 2057 490 2148 assignandus
506 2057 562 2129 sit.
586 2058 870 2151 Nicandri'opus
886 2059 1025 2151 aequali
1050 2060 1197 2128 nomine

26 2211 28 2262 ν
80 2175 506 2266 μέταρορρώσεωνηοῐαωπν
532 2176 576 2246 ad
601 2175 723 2248 Ovidii
748 2177 885 2268 poesim
911 2176 1088 2246 maximan
1121 2176 1194 2244 vim

79 2284 233 2360 habuisse
267 2293 374 2361 nemo
415 2307 539 2384 negat:
581 2292 624 2361 de
657 2292 840 2363 Nicandro
877 2313 1006 2383 ecquae
1047 2291 1194 2381 Eupho·

78 2398 159 2471 rioni
190 2403 327 2490 debeat,
356 2405 460 2476 tertio
491 2405 740 2498 disputationis
772 2406 926 2499 capitulo
968 2426 1194 2496 quaeremus,

78 2536 151 2586 cum
180 2537 280 2590 antea
316 2543 439 2613 pauca,
473 2543 565 2613 quae
592 2544 611 2591 e
636 2542 672 2590 re
703 2543 777 2591 esse
811 2520 1005 2604 confidam,
1030 2507 1196 2589 excursus

79 2628 147 2699 loco
178 2633 497 2723 explanaverimus.

465 2887 731 2962 EXCURSUS
765 2909 799 2958 1.'

155 3078 251 3150 Licet
274 3103 315 3150 ea
338 3083 381 3153 de
407 3067 519 3155 morte
542 3082 689 3155 Orionis
715 3082 875 3167 historia,
902 3101 1132 3172 quaeexstet
1158 3085 1194 3152 in

75 3186 134 3259 fine
159 3193 286 3284 fragm.
320 3196 384 3265 108
409 3195 654 3286 Euphorionis
678 3217 753 3265 esse
777 3216 847 3264 non
873 3194 995 3286 possit,
1015 3195 1194 3265 demorte

74 3321 147 3372 eum
170 3323 287 3378 tamen
321 3309 517 3380 narravisse
550 3309 620 3380 alio
649 3309 847 3400 fragmento
881 3309 973 3399 (109)
1002 3307 1182 3378 docemur.

28 3479 30 3524 ρ
152 3423 259 3490 τούτου
283 3422 440 3515 (Ὠρίωνος)
463 3424 659 3518 ἐρασθεῖσαὴ
690 3423 802 3516 Ἡμέρα
831 3425 959 3514 ἥρπασεν
998 3421 1057 3490 ἀπὸ
1096 3435 1194 3496 Tard-

28 3547 30 3610 ξ
72 3558 136 3625 γρας
172 3537 210 3615 εἰς
249 3544 356 3624 Δῆλον,
401 3539 470 3606 ἔνθα
507 3542 560 3613 τὴν
604 3537 812 3632 ἀραλλορόρσν
851 3532 945 3603 Obrue
994 3529 1065 3604 ἰδὼν
1107 3537 1192 3609 ἤθελε

29 3661 30 3724 J
73 3650 249 3730 βιάσασθαι.
274 3650 370 3745 ἐρ’ᾧ
400 3653 567 3746 ὀργισθεῖσα
596 3657 615 3728 ἡ
640 3653 700 3730 θεὸς
724 3651 842 3745 ἀναιρεῖ,
857 3652 960 3738 αὐτὸν,
985 3657 1024 3730 ὡς
1047 3655 1192 3746 Εὒρσρίων

29 3789 30 3862 ᾗ
72 3750 168 3834 hrot.
196 3765 292 3836 Cum
317 3766 371 3835 his
388 3767 505 3837 verbis
529 3755 677 3836 iunctim
701 3765 957 3852 consideranda
981 3783 1063 3836 sunt
1084 3767 1192 3857 Apol·

73 3874 210 3947 lodorea
228 3878 271 3965 (Ι,
292 3877 339 3966 4³
362 3878 599 3970 ePherecyde
612 3879 823 3968 desumpta).
848 3874 967 3968 Ὠρίωνα
987 3867 1020 3942 δὲ
1043 3875 1192 3967 ’Ἄρτεμις

73 3988 234 4060 ἀπέκτεινεν
258 3996 287 4060 ἐν
311 3997 397 4079 daho
427 4033 471 4046 -
495 3992 642 4085 aliisque
667 3991 860 4063 interiectis
893 3988 1022 4083 Ὠρίωνος
1052 3981 1086 4058 δὲ
1115 3989 1190 4066 Ἠὼς

72 4104 218 4193 ἐρασθεῖσα
253 4111 366 4199 ἥρπασε
399 4107 451 4172 καὶ
487 4106 623 4200 ἐκόμισεν
659 4105 697 4185 εἰς
732 4111 827 4178 Δῆλον
855 4129 862 4144 ·
897 4103 987 4170 ἐποίει
1012 4103 1068 4195 γὰρ
1099 4107 1191 4176 αὐτὴν

76 4211 229 4312 Ἀφροδίτη
260 4229 384 4314 συνεχῶς
419 4225 496 4313 ἐρᾶν,
527 4224 576 4288 ὅτι
608 4223 692 4312 ”Aper
722 4218 894 4289 συνευνάσθη
928 4241 934 4254 ·
961 4223 977 4284 ὁ
1007 4209 1042 4284 δὲ
1078 4217 1188 4308 Ὠρίων,
