2824 4700
636 305 883 380 ..24-

196 501 285 550 num
316 480 440 554 fraude
471 480 725 572 qualicumque
756 478 800 548 ab
827 479 905 548 aliis
935 479 1260 556 circumventurum
1287 506 1320 556 et

122 605 126 614 '
194 593 257 684 qui
281 595 445 688 precibus
466 613 501 665 et
524 593 818 666 detestationibus
853 593 1025 664 auxilium
1053 614 1117 666 aut.
1144 601 1317 674 ultionem

195 707 262 776 sibi
295 727 473 800 pararent,
504 726 741 790 versarentur.
1184 737 1199 770 .·

284 820 354 893 Sed
382 843 471 893 num
493 841 628 894 certum
653 822 843 892 consilium
861 823 1207 916 Moeruspoematio
1233 831 1319 904 sub-

196 933 315 1017 luerit,
348 957 433 1005 num
450 953 564 1006 certos
595 937 769 1027 quosdam
805 936 981 1020 homines,
1013 957 1053 1009 ut
1078 940 1320 1030 Callimachus

193 1063 226 1115 et
251 1045 436 1139 Euphorio
469 1067 502 1120 et
535 1049 688 1124 Ovidius
724 1051 922 1121 maledictis
956 1053 1125 1144 castigare
1155 1059 1317 1142 voluerit„

195 1164 263 1232 hoc
293 1164 373 1254 quis
404 1187 470 1257 pro
499 1167 680 1258 explorato
709 1167 829 1237 haberi
858 1189 961 1258 posse
991 1171 1187 1259 spondeat?

293 1279 428 1350 Redeat
459 1299 598 1350 necesse
629 1297 682 1350 est
709 1301 752 1350 eo
788 1280 1001 1372 disputatio,
1032 1283 1126 1354 unde
1158 1286 1318 1357 deflexit:

193 1421 276 1469 nam
305 1395 419 1467 maior
438 1395 564 1464 adhuc
594 1395 637 1463 de
669 1395 914 1486 Euphorionis
951 1397 1171 1468 carminibus
1198 1402 1320 1494 dispo·

194 1511 321 1584 nendis
357 1526 516 1600 superest
550 1507 738 1576 difficultas
776 1524 810 1577 et
844 1531 954 1599 quam
986 1511 1171 1582 ostendere
1208 1517 1320 1606 magis

192 1648 301 1719 quam
339 1643 523 1694 removere
561 1645 720 1714 possum.
765 1622 893 1713 -Quam
923 1625 1020 1694 eni-m
1057 1628 1231 1704 rationem
1251 1630 1319 1698 :in-

191 1759 320 1810 teresse
360 1736 583 1806 censebimus
617 1737 705 1806 inter
750 1737 817 1806 tria
854 1737 914 1807 illa
951 1739 1104 1810 maiora¹
1127 1742 1317 1830 (vel-duo)

193 1875 302 1944 opera
334 1875 353 1920 a
383 1850 496 1924 Suida·
525 1851 629 1921 citata
661 1869 695 1921 et
727 1874 766 1920 ea
796 1853 971 1937 carmina,
1010 1875 1164 1944 quorum
1196 1855 1317 1924 titulos

191 1989 259 2058 ego
293 1967 377 2038 locis
415 1966 532 2057 primo
572 1963 745 2056 tertioque
784 1967 1013 2037 enumeravi?
1054 1969 1201 2037 Factum
1243 1991 1317 2038 esse

191 2099 318 2174 potest,
350 2099 389 2150 ut
415 2091 542 2172 partes
576 2080 735 2173 singulae
767 2080 947 2150 maiorum
984 2103 1132 2172 operum
1162 2084 1317 2173 peculia·

191 2196 292 2266 ribus
323 2195 437 2264 titulis·
466 2195 538 2266 sive
577 2196 621 2265 ab
651 2195 728 2287 ipso
759 2213 860 2286 poeta
897 2195 971 2265 sive
1009 2219 1029 2264 a
1058 2196 1316 2288 posterioribus

194 2309 445 2401 interpretibus
476 2309 672 2376 secundum
696 2326 988 2400 argumentorum
1023 2329 1152 2398 genera
1181 2309 1317 2402 signifi·

192 2440 366 2491 carentur.
415 2421 527 2514 Quod
561 2421 707 2511 quidem
746 2421 834 2492 bene
864 2423 1053 2512 quadraret
1081 2423 1124 2491 ad
1155 2425 1315 2494 carmina

193 2535 286 2603 illa:
328 2537 541 2620 Φιλοκτήτης,
584 2535 707 2617 Ἀνιος,
747 2533 908 2620 Διόνυσος,
947 2535 1114 2622 Ὑάκινθος,
1153 2537 1317 2622 ¹similia3

192 2671 281 2741 quae
310 2673 398 2720 num
422 2649 586 2734 Hesiodi,
617 2671 705 2718 num
732 2650 955 2740 Mopsopiae,
988 2673 1075 2721 num
1105 2651 1312 2723 Chiliadum

192 2782 308 2854 partes
341 2762 483 2847 fuerint,
516 2785 586 2833 non
617 2781 667 2854 est
695 2763 756 2854 qui
784 2764 967 2834 diiudices.
1018 2767 1099 2835 Jam
1126 2787 1211 2836 vero
1241 2787 1316 2858 quo

193 2879 270 2947 loco
296 2877 501 2946 collocanda
525 2895 608 2945 sunt
628 2875 785 2946 carmina
809 2865 862 2961 ea,
889 2861 1030 2968 quaein
1052 2878 1169 2969 primo
1191 2881 1318 2948 ordine

191 2991 384 3085 proposui?
410 2991 569 3063 Nomina
593 3010 710 3060 autem
737 2993 881 3084 propria
903 2993 947 3062 de
969 2993 1175 3084 aequalibus
1201 2995 1319 3064 horni-

191 3107 296 3177 nibus
312 3124 480 3199 usurpata
505 3107 534 3175 si
554 3107 740 3176 titulorum
763 3109 840 3176 loco
863 3107 943 3198 quis
973 3126 1075 3199 poeta
1097 3109 1319 3179 carminibus

190 3221 419 3312 praeseribit,
453 3243 525 3289 non
554 3220 629 3290 sine
661 3242 766 3290 causa
795 3220 990 3311 cogitamus
1022 3221 1064 3290 de
1097 3221 1317 3292 carminibus

189 3334 427 3418 dedicatotiis‚
459 3336 502 3403 de
529 3327 626 3411 ξενίων
657 3354 795 3426 genere,
826 3357 844 3404 e
873 3357 945 3424 quo
974 3347 1087 3404 unum
1114 3336 1180 3405 hoc
1210 3335 1317 3405 titulo

189 3450 334 3518 citatum
364 3442 546 3541 superesse
578 3465 770 3533 memento,
805 3451 900 3541 (pag.
933 3471 972 3518 21
1010 3473 1044 3518 n.
1073 3453 1120 3538 4).
1173 3450 1315 3519 Deinde

189 3562 429 3631 animadverte
462 3562 498 3631 in
534 3563 689 3632 carmine
722 3564 1033 3654 «Hippomedon»
1074 3564 1118 3633 de
1148 3562 1315 3654 Cychreo

168 3679 295 3747 'heroe
334 3676 536 3748 Salamineo
573 3679 840 3768 Euphorionem
882 3678 1098 3769 exposuisse.
1126 3679 1199 3748 -At
1229 3699 1317 3748 vero

189 3790 370 3883 Cychreus
398 3810 484 3860 teste
509 3791 618 3860 schol.
645 3793 728 3882 Lyc.
756 3795 799 3862 ad
816 3816 849 3861 v.
877 3796 941 3880 451
970 3791 1005 3866 ἦν
1026 3788 1175 3883 Κέκροψὸ
1192 3782 1315 3881 depost,

189 3903 341 3976 Salamis
393 3905 510 3975 insula
547 3906 698 3975 dicionis
737 3907 1013 3977 Atheniensium
1048 3924 1120 3988 est,
1154 3907 1316 3998 Cecrops

189 4020 271 4089 item
309 4013 351 4089 ad
386 4022 523 4090 cultum
558 4023 717 4090 Atticum
749 4038 892 4112 spectat.
943 4021 1038 4111 Ergo
1069 4020 1225 4090 Atticam
1253 4021 1316 4090 'fa-

189 4132 310 4202 bulam
342 4135 408 4203 hoe
441 4134 595 4204 carmine
621 4135 776 4232 narrayit
807 4135 1010 4225 Euphorio:
1039 4157 1120 4226 pars
1151 4156 1234 4224 ergo
1263 4154 1318 4203 est

157 4229 160 4233 ’
188 4243 263 4311 eius
295 4245 442 4314 maioris
470 4245 586 4336 operis
613 4247 709 4335 quod
744 4247 787 4315 de
821 4247 925 4314 rebus
957 4245 1156 4337 fabulisque
1188 4246 1319 4322 Atticis
