2824 4700
520 284 766 356 ..55-

80 453 178 524 modi
215 472 333 526 autem
371 473 589 546 argumenta,
620 455 647 524 si
678 455 766 524 tanti
799 472 864 540 est,
901 459 985 526 haec
1017 457 1202 527 nominare

81 570 194 653 liceat,
221 571 341 660 Hylan
371 585 390 639 a
423 569 582 662 nympha
609 585 765 661 raptum,
799 566 1043 661 Hyacinthum
1068 587 1103 639 et
1125 593 1202 640 om·

80 683 168 752 nino
191 682 279 764 illud
304 686 636 776 metamorphoseon
662 705 785 774 genus,
803 683 906 752 cuius
922 684 1070 773 vestigia
1090 685 1203 753 multa

79 782 173 889 apud
207 797 477 888 Euphorionem
495 785 678 889 apparent.
712 796 782 868 Sed
815 797 881 866 hoc
907 798 1051 888 quidem
1068 798 1199 867 levius:

7 933 8 938 ¹
80 911 224 980 maioris
243 911 415 981 momenti
438 911 525 1010 illud
547 927 609 980 est.
642 911 683 979 ln
706 928 801 980 sexta
826 912 1049 1003 ecloga‚-qua
1066 911 1202 1003 egregie
1304 974 1311 986 .

79 1049 98 1092 a
130 1026 286 1116 Vergilio
315 1027 436 1096 laudes
468 1024 561 1097 Galli
601 1041 790 1110 canuntur,
830 1026 929 1117 fingit
954 1043 1079 1118 poeta,
1113 1043 1203 1115 quo-

7 1143 8 1178 ³
81 1141 187 1210 modo
215 1139 319 1212 Gallo
353 1163 372 1208 a
400 1139 506 1208 Musa
534 1139 570 1209 in
592 1139 817 1213 ¹Heliconem
842 1157 1002 1209 montem
1034 1141 1203 1232 perducto

7 1263 8 1348 ᾗ
83 1255 194 1324 Linus
223 1272 318 1324 vates
349 1254 491 1323 divinus
531 1254 684 1324 calamos
713 1255 900 1325 Musarum
933 1255 1082 1340 donum,
1114 1275 1204 1344 quos

7 1365 9 1452 ξ
80 1388 180 1439 antea
213 1369 373 1440 Hesiodo
403 1369 585 1454 dederant,
622 1369 764 1439 tradens
802 1371 886 1438 haec
914 1370 1020 1438 verba
1054 1369 1201 1438 dixerit:

295 1509 359 1564 Hos
378 1508 434 1565 tibi
454 1510 525 1566 dant
546 1509 687 1580 calamos,
708 1527 744 1566 en
764 1509 876 1585 accipe,
899 1512 1011 1584 Musae,

292 1594 422 1649 Ascraeo
442 1605 521 1666 quos
540 1606 608 1650 ante
628 1593 702 1662 seni,
723 1593 834 1667 quibus
854 1593 902 1650 ille
923 1594 1047 1666 solebat,

293 1677 450 1732 Cantando
472 1676 581 1750 rigidas
601 1678 747 1735 deducere
767 1678 923 1736 montibus
943 1696 1041 1738 ornos.

295 1760 350 1816 His
369 1760 424 1817 tibi
444 1761 557 1836 Grynei
577 1761 709 1818 nemoris
729 1762 845 1819 dicatur
865 1763 960 1838 origo,

295 1847 340 1902 Ne
360 1845 426 1919 quis
446 1845 485 1903 sit
504 1846 601 1919 lucus,
622 1864 683 1920 quo
694 1864 730 1919 se
750 1847 815 1921 plus
835 1846 922 1904 iactet
941 1847 1060 1921 Apollo.

174 1990 242 2058 His
263 1990 380 2061 verbis
402 1991 580 2082 Vergilius
601 1992 643 2060 ad
661 1991 699 2060 id
712 1990 804 2062 Galli
822 1993 1055 2084 poematium,
1072 2003 1205 2087 spectat

7 2175 8 2194 2
82 2129 156 2196 quo
186 2105 360 2195 originem
391 2104 525 2197 Grynei
556 2107 711 2175 nemoris
739 2108 986 2179 celebraverat.
1020 2110 1120 2180 idem
1149 2134 1205 2181 ar-

81 2237 285 2311 gumentem
315 2220 474 2290 tractavit
504 2220 689 2310 Euphotio
715 2220 749 2289 in
780 2223 918 2312 quinto,
945 2241 983 2292 ut
1006 2225 1206 2315 suspicatur

82 2333 258 2414 Meineke,
282 2333 489 2404 Chiliadum
519 2333 624 2418 libro,
644 2335 872 2426 ‘servavitque
900 2357 1007 2405 exeo
1034 2339 1205 2407 nonnulla

80 2449 246 2540 quamvis
282 2466 413 2518 temere
443 2449 592 2518 conflata
625 2446 769 2518 Servius
804 2451 863 2536 (ad
894 2449 956 2518 ecl.
989 2451 1038 2519 VI
1073 2455 1132 2542 72)
1166 2486 1202 2510 =

79 2565 132 2633 M.
159 2566 216 2651 46.

604 2899 677 2983 VI.

150 3158 334 3243 Nonnus
368 3151 474 3273 quid
513 3184 567 3240 ex
613 3150 891 3272 Euphorione
926 3151 1132 3242 hauserit.

172 3423 249 3493 Viri
268 3422 463 3492 doctissimi
490 3438 664 3512 quotquot
683 3422 874 3492 Nonniano
892 3422 989 3512 operi
1013 3431 1209 3490 Διονυσιακῶν

80 3560 203 3607 curam
228 3558 443 3627 operamque
472 3535 753 3626 impertiverunt‚
787 3534 824 3604 ut
848 3537 891 3606 de
916 3537 1040 3634 studiis
1070 3538 1107 3607 in
1136 3562 1205 3608 car·

82 3649 179 3718 mine
196 3649 273 3740 ipso
295 3648 507 3718 recensendo
527 3666 632 3739 atque
649 3649 871 3718 emendando
890 3650 1035 3718 versatis
1058 3668 1206 3736 taceam,

82 3763 214 3854 duplex
263 3763 452 3832 consilium
492 3762 600 3830 secuti
641 3763 815 3832 videntur.
866 3766 940 3833 Aut
988 3765 1082 3833 enim
1118 3789 1207 3856 quas

83 3877 247 3945 metricas
285 3877 376 3967 leges
412 3877 469 3945 ille
507 3877 542 3944 in
578 3871 726 3966 rythmis
767 3878 1023 3966 componendis
1054 3877 1206 3968 diligens

83 4006 118 4060 et
147 3989 342 4080 perpolitus
380 4007 482 4080 poeta
513 3989 580 4058 sibi
613 3989 785 4074 statuerit,
822 3989 1085 4079 comparatione
1119 3988 1207 4057 lacta

81 4125 167 4172 cum
220 4103 420 4172 Homericis
467 4102 790 4192 Callimacheisque
836 4101 992 4170 numeris
1047 4102 1206 4171 certatim

81 4216 336 4307 quaesiverunt
369 4233 429 4284 aut
464 4239 555 4306 quae
596 4216 713 4293 verba,
748 4237 835 4304 quas
878 4213 1085 4297 sententias,
1118 4236 1208 4304 quos
