2824 4700
649 276 893 348 -10..

298 467 331 512 ν.
360 449 436 536 577.
454 441 499 530 φᾶς
515 438 555 519 δὴ
568 449 761 540 Πρόβλαστος
782 441 967 526 ἐξιπαίδτοσε
982 447 1085 540 θρασύς

467 562 643 652 μυληφάτου
664 568 767 646 χιλοῐο
789 553 1025 655 δανδαλευτφίας.

210 686 388 780 simulque
412 711 482 778 qua
509 689 643 758 ratione
667 691 711 758 de
734 690 814 759 cibo
838 690 951 758 ferino
975 690 1018 759 ad
1045 690 1206 760 homines
1226 707 1337 762 trans-

209 799 291 884 ferri
303 803 474 890 potuerit,
502 805 554 872 vel
580 827 613 872 ν.
640 806 708 896 675
734 805 920 889 sentimus,
947 806 1007 873 ubi
1032 806 1076 874 de
1101 805 1203 875 sociis
1221 805 1338 876 Ulixis

210 914 243 982 in
270 938 350 985 sues
376 917 628 987 muratishaec
654 919 810 1008 loquitur
834 937 962 1009 poeta:
1020 969 1022 973 v

656 1058 683 1123 οἱ
708 1050 744 1124 ll
765 1050 907 1151 δύσφοροι

299 1200 448 1274 στένοντες
480 1194 555 1275 άτας
578 1200 609 1264 ἐν
641 1206 759 1291 σοφοῖσι
784 1191 929 1290 φορβάδες

297 1311 427 1405 γίγαρτα
450 1318 529 1402 χιλῷ
553 1315 785 1406 συμμεμιγράνα
806 1313 910 1404 τρυγὸς
1015 1309 1018 1314 ’

296 1421 349 1492 ναὶ
378 1429 535 1519 στέμφυλα
564 1420 727 1519 βρύξονσιν.

298 1542 350 1610 lta
378 1541 562 1633 Euphorio
578 1564 722 1632 quoque
738 1541 825 1634 χιλὸν
842 1541 884 1610 de
902 1541 1124 1624 nutrimento
1148 1539 1335 1608 bominum

211 1648 377 1746 usuipat:
781 1654 791 1672 '
1111 1652 1113 1655 ’
1223 1654 1226 1658 ’

304 1771 348 1848 Ἐς
371 1770 459 1843 Φθίην
474 1776 575 1860 χιλοῖο
599 1773 705 1846 anelis
728 1769 855 1861 πάμπαν
879 1766 1024 1850 άπαοτος,

296 1887 421 1963 τούνεκα
451 1877 633 1978 Μυρμιδόνος
668 1910 716 1976 ριν
754 1882 877 1966 Ἀχίλεα
906 1877 1090 1981 φῃρ.ίὶαντο,
1121 1883 1246 1974 fragm.
1276 1886 1333 1952 56.

303 2024 355 2091 17.
382 1999 542 2076 Verbum
566 1991 704 2090 φημίζειν
720 1999 908 2092 Lycophro
924 1998 1063 2089 primus
1079 2019 1144 2088 pro
1168 2019 1210 2065 eo
1234 1998 1337 2088 ponit

128 2151 132 2160 ·
209 2115 305 2205 quod
323 2133 375 2184 est
392 2107 545 2206 ὀνομάζειν
571 2135 651 2181 cum
674 2112 772 2204 dupl.
792 2123 904 2182 accusss
922 2114 1155 2181 coniunctum.
1175 2101 1218 2180 νζ
1231 2114 1334 2181 ιοὸν.

299 2229 408 2308 σπιλὰς
432 2220 460 2295 ‹l'
486 2229 581 2299 ἐκείνη
613 2237 665 2303 σῆς
695 2205 861 2319 φτρώνορος
883 2219 977 2310 τύχης

295 2346 403 2411 πόντον
431 2335 679 2435 προσαυγάζονσα
710 2341 939 2434 φηρισθηόεται.

210 2460 439 2551 Respondent
474 2458 715 2549 Euphorionis
750 2458 855 2526 verba
888 2481 916 2524 s.
944 2481 977 2524 n.
1011 2457 1049 2524 16
1075 2452 1241 2560 exhibita.

298 2585 367 2660 Sed
393 2586 465 2655 iam
489 2585 650 2678 graviora
674 2585 850 2676 quaedam
875 2605 1154 2674 percenseamus.

303 2714 355 2781 18.
383 2714 480 2782 Inter
504 2713 668 2803 scopulos
694 2711 873 2795 Euboeae,
894 2710 955 2781 ubi
981 2732 1088 2778 naves
1113 2707 1335 2786 Graecorum

209 2846 287 2921 post
312 2827 441 2897 Troiae
466 2827 761 2920 expugnationem
788 2826 872 2895 dolo
907 2823 1075 2894 Poeantis
1109 2823 1335 2915 naufragium

209 2941 377 3024 fecerunt,
408 2941 595 3031 Lycopbro
625 2962 656 3008 ν.
692 2939 758 3028 375
792 2960 914 3005 saxum
948 2937 1115 3030 Δνρφωσοόν
1157 2955 1333 3010 numerat.

209 3054 453 3146 Euphorionis
483 3077 604 3122 versus
632 3053 771 3144 (fragm.
800 3051 856 3142 83)
886 3050 986 3143 Δίρφυν
1022 3050 1077 3116 ἀνὰ
1109 3057 1248 3144 τρηχεῖαν
1279 3052 1337 3116 ὑπ’

109 3197 111 3200 ·
207 3168 316 3262 Εὐβοίῃ
346 3169 500 3235 κεκόνιστο
529 3207 574 3220 -
607 3168 716 3235 schol.
743 3167 787 3235 ad
814 3169 897 3257 Lyc.
927 3165 992 3256 373
1009 3165 1061 3233 τὸν
1078 3156 1112 3230 δὲ
1127 3166 1293 3260 Διρφωσσὸν
1318 3171 1334 3230 ὁ

206 3282 350 3374 Εὀφορίων
390 3281 491 3374 Δίρφυν
520 3287 619 3356 καλοῖ.
653 3280 830 3370 [Meinelee
863 3279 1060 3371 suspicatus
1092 3295 1143 3347 est
1172 3278 1332 3362 resudante,

208 3401 272 3466 boc
302 3414 353 3465 est
385 3379 521 3464 oceisus
545 3413 609 3479 est,
635 3395 792 3463 sednon
818 3411 921 3476 recte,
953 3393 1037 3482 quia
1062 3399 1157 3462 aovel'v
1182 3394 1331 3462 verbum

208 3533 278 3578 non
324 3509 495 3600 significat
536 3509 770 3594 interficere,
801 3507 980 3598 ¹idssquod
1006 3506 1063 3575 ille
1092 3507 1126 3574 in
1160 3504 1330 3595 Sophocl.

209 3625 333 3706 Electr,
365 3644 468 3691 versu
498 3621 585 3690 1386
611 3621 714 3689 nixbs
738 3619 948 3690 existimavit
972 3619 1033 3690 ubi
1057 3618 1230 3691 νεοκόνητον
1254 3613 1334 3710 αἷμα

206 3761 314 3828 prava
347 3736 511 3805 codicum
545 3736 613 3805 fide
646 3735 786 3826 legitur]
818 3734 993 3826 probabili
1027 3734 1161 3804 ratione
1185 3733 1228 3801 de
1253 3733 1333 3804 viro

205 3855 364 3944 quodam
389 3876 408 3920 e
432 3852 540 3922 classe
565 3852 781 3923 Graecorum
813 3851 848 3921 in
874 3851 941 3919 illis
967 3849 1121 3940 seopulis
1147 3866 1332 3939 perempto

206 3966 358 4066 intellegi
385 3982 512 4054 potest.

301 4117 350 4184 19·
374 4094 531 4162 Leonem
549 4091 990 4182 Nemeensem'Lycopbro
1005 4090 1195 4158 adumbrat
1211 4079 1333 4166 verbis

208 4207 515 4318 2⁷.ae..aaa0'a‘·
