2824 4700
515 302 760 374 ..35-

87 464 168 552 apud
184 465 363 538 Ouidium
392 471 523 540 iterum
550 473 764 544 invenimus.
799 474 834 543 ls
855 475 950 544 enim
974 475 1014 545 in'
1027 477 1196 564 «Ibide»,

86 576 229 648 carmine
253 581 426 672 singulari
466 603 500 656 et
528 586 765 656 remotissima
797 587 957 657 doctrina
990 588 1130 676 referto,
1160 615 1193 660 v.

86 690 143 781 547
166 693 240 763 ait:
332 724 335 730 ·
1027 712 1031 717 '

17 811 19 836 ³
233 824 276 882 Ut
296 841 373 899 puer
392 823 583 900 Harpagides
601 825 711 884 referas
729 826 864 902 exempla
883 827 1033 903 Thyestae

306 909 404 984 Inque
421 909 467 967 tui
485 927 589 968 caesus
607 910 720 970 viscera
738 911 831 986 patris
849 929 907 971 eas.
1003 969 1005 972 ,

17 1115 18 1134 2
159 1037 247 1128 Quo
274 1043 354 1112 loco
378 1067 397 1112 e
412 1062 578 1135 corrupta
591 1045 754 1113 codicum
771 1044 944 1135 scriptura
959 1046 1076 1115 tertii¹
1094 1047 1192 1116 verbi

17 1141 18 1228 J
80 1150 283 1255 interpretes
320 1177 431 1247 paene
466 1178 593 1226 omnes
636 1157 863 1250 Harpagides
890 1179 1018 1227 nomen
1047 1159 1194 1251 adopta·

17 1293 18 1300 ¹
77 1285 206 1354 verunt,
234 1290 461 1363 quamquam
483 1272 555 1341 iarn
576 1271 785 1342 scholiasten
805 1271 842 1360 (i.
861 1293 892 1340 e.
914 1273 1040 1363 optimi
1065 1275 1195 1344 codicis

78 1377 114 1449 G.
142 1383 239 1473 apud
276 1383 438 1474 Ellium).
485 1385 754 1476 «Harpalycen»
790 1384 914 1474 legisse
943 1407 985 1454 ex
1015 1385 1094 1477 ipso
1124 1387 1195 1458 iere

17 1553 18 1558 ,
78 1493 213 1564 nomine
243 1497 422 1588 Arpasige
458 1497 614 1588 intellegi
644 1513 791 1587 poterat.
843 1497 1052 1588 «Arpasige
1082 1498 1195 1567 filium

78 1608 222 1678 comedit
247 1631 359 1700 quern
391 1611 435 1680 ad
465 1611 614 1681 modum
646 1609 807 1679 Thiestes
840 1633 946 1679 suum
974 1611 1139 1682 offerente
1161 1613 1193 1681 ei

17 1803 19 1812 Ι
79 1725 178 1792 Atreo
207 1746 276 1794 suo
310 1703 439 1797 iratres¹
462 1725 673 1820 Salvagnius
702 1743 822 1796 autem
851 1748 870 1796 e
898 1727 974 1796 cod.
1012 1725 1194 1801 Sanvicto·

17 1877 18 1926 3
80 1833 170 1933 riano
185 1838 382 1928 genuinam
399 1839 610 1929 scripturam
639 1838 899 1930 «Harpalyces»
917 1837 1036 1908 elicuit
1055 1857 1089 1908 et
1110 1841 1194 1910 haec

17 1943 18 2028 j
79 1948 251 2020 adnotavit
290 1951 413 2042 (Ovid.
446 1953 529 2022 lbis.
559 1954 615 2023 ed.
656 1952 742 2023 Ellis
773 1951 891 2024 Onon.
928 1953 1029 2023 1881.
1061 1953 1117 2022 ad.
1156 1954 1191 2022 h.

17 2043 19 2094 Ξ
80 2061 134 2148 ll:
174 2065 367 2157 «apposite
405 2066 448 2135 ad
494 2084 652 2146 mentem
692 2065 815 2141 Ovidii
857 2065 918 2154 qui
952 2066 1117 2156 Thyestis
1161 2087 1194 2137 et

17 2217 19 2244 l
80 2177 235 2269 Clymeni
265 2182 404 2252 fabulas
435 2181 595 2252 contulit.
633 2183 791 2273 Uterque
821 2179 993 2250 nimirum
1018 2180 1131 2250 filium
1156 2182 1192 2251 in

17 2313 18 2356 ὲ
78 2295 184 2384 epulis
214 2297 439 2388 consumpsit
473 2314 620 2388 uterque
649 2297 758 2368 filiam
788 2295 1005 2386 compressit.
1038 2296 1081 2365 Et
1111 2319 1193 2366 vero

17 2385 19 2438 ³
78 2410 179 2480 satius
193 2429 247 2482 est
260 2412 435 2499 fabulam,
458 2413 596 2482 fabulae
613 2412 712 2504 iungi
725 2433 833 2502 quarn
850 2410 1067 2479 historiam.»
1087 2411 1193 2482 Unde

17 2561 19 2594 ς
76 2526 191 2615 miror,
222 2529 323 2619 quod
355 2528 492 2598 Merkel
518 2528 554 2597 in
578 2528 635 2597 ed.
651 2511 773 2598 ovid.
797 2547 879 2617 opp.
912 2525 982 2594 vol.
1008 2526 1075 2594 111.
1105 2527 1194 2614 1884

17 2617 19 2632 ’
75 2643 211 2714 retinuit
239 2665 372 2714 nomen
406 2642 694 2734 «Harpagides».

17 2751 18 2760 ¹
158 2762 199 2830 In
229 2756 580 2858 thOvidius
611 2757 655 2826 ab
678 2754 903 2828 Chalcidensi
928 2774 1032 2847 poeta
1062 2757 1191 2841 differt,

17 2891 19 2966 j
74 2874 164 2961 quod
197 2855 427 2964 Harpalycen
466 2871 579 2941 filium
611 2893 631 2940 a
661 2869 811 2940 nefando
850 2886 948 2961 patre
979 2889 1190 2962 conceptum

74 3005 239 3058 mactasse
266 3003 388 3057 narrat
416 2970 634 3078 (=”Hygin.
663 2982 734 3054 fab.
769 2985 864 3074 206),
894 3006 976 3077 cunr
1006 2985 1192 3077 Euphorio
1227 3007 1230 3012 ·
1266 3014 1269 3026 ¹

17 3109 19 3150 ὲ
75 3093 365 3202 ωἰῃριζςῳῄῃξψ
392 3101 535 3190 fratpem
569 3099 719 3188 (Presbo
749 3097 879 3169 dicitur
908 3121 928 3168 a
959 3096 1068 3168 schol.
1091 3099 1190 3168 'Ven

17 3239 19 3290 ῑ
75 3215 127 3282 ad.
158 3199 236 3286 lla
266 3219 350 3306 291)
380 3207 658 3306 ah‘Harpalyce
688 3213 777 3304 patri
809 3213 1011 3304 appositum
1040 3214 1188 3284 finxerit.
1260 3257 1262 3265 ι
1349 3245 1353 3252 ·

17 3327 19 3376 ²
157 3333 190 3401 6.
218 3328 457 3402 Schot‘Ven.
482 3328 539 3398 ad.
566 3339 587 3393 Σ
610 3328 680 3416 486
703 3327 757 3417 (=
785 3328 836 3398 M.
862 3327 939 3419 108)
960 3328 1045 3398 haec
1063 3329 1189 3400 tradit:

17 3509 18 3532 2
162 3445 268 3537 Ὑριεὺς
297 3450 314 3511 ὁ
342 3436 526 3520 Ποσειδῶνος
548 3443 600 3510 καὶ
633 3445 798 3528 Ἀλκυόνης,
832 3447 901 3536 μιᾶς
932 3449 991 3510 τῶν
1025 3444 1193 3524 Ἀτλαντος

17 3581 19 3654 r
75 3555 247 3653 θυγατέρων,
273 3559 345 3624 ὤκει
366 3558 418 3650 μὲν
440 3561 469 3623 ἐν
482 3558 621 3650 Τανάγρᾳ
636 3565 693 3630 τῆς
712 3555 868 3636 Βοιωτίας,
886 3549 1138 3649 φιλοξενώτατος1
1160 3555 1193 3628 δὲ

75 3679 223 3766 γενόμενος
251 3664 420 3748 ὑπεδεῖατό
445 3695 519 3738 ποτε
540 3670 592 3736 καὶ
620 3669 709 3746 θεοὺς.
729 3669 799 3758 Ζεὺς
824 3668 880 3763 γὰρ
903 3671 955 3738 καὶ
967 3664 1117 3740 Ποσειδῶν
1142 3676 1194 3742 καὶ

81 3785 184 3880 Ἐρμῆς
198 3779 439 3864 ἐπιξενιυθεήηές8
464 3784 614 3869 αὐτῷκαὶ
636 3787 690 3858 τὴν
717 3787 926 3879 pthocppooiunv
953 3779 1192 3880 ἀποδεξάμενοι3

76 4011 202 4088 παῖδαῡ.
233 4021 378 4103 λαβόντες
403 4013 452 4084 οὖν
467 4017 494 4082 οἱ
518 4016 576 4084 itui
602 4019 656 4090 τὴν
683 4026 737 4082 τοῦ
761 4017 988 4110 ἱερουργηθέντος
1008 4023 1110 4100 αὐτοῖς
1126 4025 1194 4108 βοὸς

77 4165 285 4180 Ἢ

140 4249 346 4324 1Arpacides‚
366 4246 549 4323 harpatides‚
570 4247 712 4322 arpasige,
733 4249 882 4328 arpagige,
902 4251 1051 4325 arphagie.
