2824 4700
499 281 743 355 ..45-

38 451 180 522 dixeris
198 453 268 522 hoc
283 475 355 523 uno
365 453 582 537 discrimine,
597 455 694 544 quod
707 453 932 524 Philemonis
944 452 1185 546 Baucidisque

41 565 254 657 hospitium
273 567 386 636 multo
401 566 583 657 copiosius
602 566 828 660 descripserit
848 565 1001 659 Ovidius
1019 567 1192 638 leviores·¹

41 702 117 770 que
154 697 276 770 partes
308 682 421 752 multo
453 683 565 774 magis
590 681 812 754 exornaverit
835 703 945 774 quam
969 681 1081 752 altero
1105 682 1185 752 loco

39 793 143 887 fecit.
173 794 251 864 Nec
274 810 395 864 tamen
420 794 455 865 in
482 795 684 864 exornanda
708 797 772 866 hac
788 795 989 866 narratione
1004 794 1125 864 omnia
1140 796 1185 864 de

40 930 112 975 suo
141 908 368 999 composuit:
405 907 517 978 immo
541 906 719 977 imitatum
742 931 818 979 esse
842 908 1052 981 Callimachi
1081 908 1185 978 nobi·

40 1023 233 1092 lissimum
258 1042 401 1093 carmen
424 1022 551 1100 Ἐκάλης
579 1045 651 1115 quo
675 1023 781 1094 etiam
796 1024 978 1094 Theseum
1002 1040 1184 1115 receptum

40 1140 89 1207 ab
135 1137 273 1207 Hecale
311 1136 509 1230 descripsit,
549 1161 568 1207 e
603 1137 810 1230 fragmentis
847 1137 1010 1231 quamvis
1050 1137 1185 1231 exiguis

1 1253 2 1258 ’
42 1251 251 1342 lacerisque
274 1238 467 1322 certissime
484 1252 720 1323 demonstrari
735 1270 862 1344 potest.
879 1266 887 1300 ¹
905 1253 1066 1325 Theseus
1089 1250 1184 1322 enim

42 1369 90 1436 ad
119 1366 393 1440 Marathoniam
427 1382 567 1436 taurum
601 1367 885 1458 perdomandum
920 1367 1097 1460 profectus
1120 1367 1185 1436 do·

42 1503 156 1572 mum
176 1479 338 1551 mulieris
356 1479 465 1550 annis
480 1479 551 1565 iam
568 1482 746 1552 confectae
762 1480 885 1552 intrat..
898 1481 962 1552 Est
976 1504 1060 1552 sane
1075 1502 1184 1572 parva

40 1635 90 1649 -
115 1596 231 1682 ἐλαχὸν
255 1586 349 1686 δόμον
380 1593 625 1667 Callimachus
651 1612 753 1665 vocat
776 1595 901 1685 fragm.
930 1596 1009 1688 349.
1037 1612 1070 1664 et
1094 1617 1185 1686 quae
1218 1669 1219 1676 .

27 1710 191 1780 'habitat
214 1713 244 1776 ἐν
265 1709 329 1801 χερὶ
349 1715 437 1796 χαῖον
462 1708 583 1794 ἔχουσα.

141 1826 234 1915 γέντο
258 1814 287 1890 δ’
311 1823 422 1914 ἐρείκης
479 1901 482 1908 ,
951 1889 953 1892 .

255 1935 417 2006 σκητοὶνιον
440 1933 576 2026 piaton,
601 1933 617 2000 ὃ
646 1924 683 2007 δὴ
708 1936 780 2000 πέλε
803 1937 910 2026 γήραος
934 1936 1023 2025 ὀκχῆ.

141 2047 250 2138 Quae
274 2048 454 2118 Theseum
479 2069 561 2117 cum
585 2047 753 2139 proprius
777 2047 990 2131 accessisset,

373 2162 425 2228 τὸν
451 2161 508 2254 μὲν,
525 2163 566 2227 ἐπ
588 2159 726 2228 ἀοκᾶντα
749 2150 877 2229 addecet.

146 2275 226 2359 Vel,
253 2292 291 2344 ut
314 2273 438 2346 Ovidii
463 2274 571 2344 verba
594 2274 631 2344 in
657 2274 765 2343 simili
797 2296 833 2344 re
862 2272 1034 2344 versantis
1064 2272 1184 2352 citem,

274 2413 409 2471 membra
428 2429 520 2470 senex
540 2409 638 2487 posito
657 2411 746 2470 iussit
764 2412 897 2471 relevare
917 2410 1012 2468 sedili.

143 2533 284 2604 Deinde
309 2551 348 2604 ut
371 2533 491 2604 cibum
516 2533 647 2625 hospiti
673 2552 878 2625 apponeret,
904 2533 1062 2625 primum

1 2677 2 2698 ³
41 2672 224 2740 παλαίθετα
246 2653 329 2739 troile
358 2671 476 2764 καθῄρει
500 2690 533 2741 et
556 2663 633 2739 δανὰ
652 2666 727 2749 ξύλα
755 2669 848 2740 τυτθὰ
878 2669 1013 2739 κέασοοιιΙ
1033 2671 1187 2756 festinat,

42 2789 155 2880 quod
181 2785 337 2857 Ovidius
361 2786 409 2855 ita
433 2785 626 2877 expressit:
1102 2771 1106 2776 ⁵

274 2924 498 3007 Multifidasque
517 2925 596 2983 faces
615 2924 800 2999 ramaliaque
819 2925 903 2984 arida
921 2938 999 2983 tecta

272 3009 391 3066 Detulit
409 3022 438 3067 et
457 3008 574 3066 minuit.
874 3031 877 3038 ν

149 3144 245 3213 Ιῡτετ
260 3143 359 3213 cibos
384 3161 502 3214 autem
519 3160 571 3213 est
584 3143 690 3213 etiam
707 3124 879 3214 frustrum
895 3166 1025 3235 pernae
1046 3144 1186 3230 suillae,

40 3281 149 3349 quae
182 3258 219 3326 in
245 3279 388 3327 summo
412 3274 502 3328 tecto
526 3258 751 3349 pependerat.
791 3260 886 3328 Nam
910 3248 1070 3350 δίκροον
1093 3259 1183 3352 ἥρογε

39 3415 89 3426 -
125 3375 275 3465 φίτρον
307 3373 551 3466 ἀειραμένη,
588 3369 805 3463 quibuscum
836 3355 946 3442 verbo
979 3389 1081 3443 tenus
1115 3371 1187 3444 fere

40 3477 287 3558 consentiunt
310 3486 516 3567 Ovidiana:

238 3689 242 3696 ι
591 3614 686 3671 Furca
705 3614 782 3671 levat
801 3613 849 3672 ille
869 3613 986 3672 bicorni

276 3696 405 3755 Sordida
425 3708 506 3771 terga
525 3696 588 3754 suis
607 3696 694 3772 nigro
714 3696 874 3771 pendentia
893 3697 986 3771 tigno.

148 3801 224 3894 Sed
245 3822 331 3889 haec
363 3819 530 3888 hactenus
555 3842 668 3910 neque
693 3820 786 3889 enim
812 3819 856 3888 ad
881 3818 1013 3888 leviora
1040 3819 1187 3889 descen-

41 3940 157 4020 dere,
183 3954 266 4003 cum
290 3949 363 4001 tam
388 3954 498 4022 pauca
523 3931 712 4021 supersint,
737 3954 863 4021 operae
887 3931 953 4000 erit
976 3931 1142 4034 pretium.

126 4207 141 4246 1
163 4201 225 4260 Cfr.
248 4201 283 4259 O.
304 4197 482 4256 Schneideri
502 4197 713 4275 Callimachea,
734 4201 761 4259 ll
782 4219 845 4276 pag.
871 4219 933 4276 179,
954 4219 1036 4276 seqq.
1060 4239 1063 4246 =
