2876 4700
534 268 776 344 -394

109 433 249 510 Ovidius
264 439 415 530 expedit.
443 439 648 512 Periculum
680 439 898 532 ascprpione
915 439 1107 512 imminens
1131 437 1222 510 Orio

37 571 38 580 ¹
110 552 270 622 aLatone
300 552 450 643 repellit,
487 552 652 624 «obstitit
675 553 846 640 Orion»,
884 553 1057 626 nimirum
1095 551 1223 624 infesto

111 666 232 740 bestiae
262 667 419 753 conatui,
444 667 582 760 «inque
606 667 713 759 pio»,
736 686 775 746 ut
806 689 888 744 cunt
919 667 1052 740 Ovidio
1084 667 1222 757 loquar,

36 775 37 778 ’
113 783 221 856 «cadit
251 780 408 854 officio».
447 782 539 864 Hoc,
569 784 666 876 quod
698 783 812 856 dicere
850 783 926 876 ipsa
956 782 1005 856 rei
1038 780 1224 854 necessitas

112 915 250 987 cogeret,
280 897 419 974 silentio
452 898 631 990 profundo
662 899 719 973 ille
751 899 881 972 detexit
910 921 973 970 nec
1005 897 1072 968 nisi
1104 897 1223 968 verbis
1290 877 1296 890 ⁸

111 1013 263 1088 extremis
290 1013 334 1085 de
358 1013 501 1086 interitu
525 1014 600 1088 eius
625 1013 741 1090 obiter
762 1036 827 1088 nos
852 1014 984 1090 docuit.

35 1111 36 1120 ἵ
183 1129 290 1206 :Duae
321 1127 401 1204 illae
425 1145 542 1220 partas
580 1129 779 1204 Ovidianae
811 1129 951 1202 fabulae
986 1127 1223 1198 disiunctione

110 1241 157 1309 vel
179 1241 332 1312 maxima
349 1242 385 1312 in
408 1243 594 1314 enarrandi
614 1243 750 1318 ratione
775 1242 885 1317 hiant.
909 1241 1080 1332 Quorum
1106 1257 1225 1333 poste-

110 1352 231 1421 riorem
261 1375 332 1423 non
367 1376 408 1422 ex
441 1355 672 1447 Euphorione
705 1353 936 1446 deprompsit.
971 1354 1065 1424 Nam
1098 1353 1164 1424 hoc
1195 1352 1224 1421 si

108 1465 249 1554 iecisset,
279 1490 351 1542 non
377 1469 493 1538 solum
519 1470 641 1550 eadem
670 1487 774 1561 atque
800 1468 986 1560 Euphorio
1016 1467 1225 1541 reddidisset

109 1582 208 1651 verbo
246 1600 349 1654 tenus
384 1583 420 1654 in
450 1584 567 1677 priore
596 1603 693 1676 parte
726 1606 809 1656 eum
842 1601 994 1670 secutus,
1026 1583 1087 1654 sed
1119 1583 1224 1658 etiam

109 1717 245 1768 rmore
286 1720 352 1767 suo
388 1719 478 1784 rem,
513 1721 557 1773 ne
594 1699 711 1769 dicam
750 1697 973 1792 longioribus
1014 1697 1152 1782 verbis,
1191 1711 1226 1766 at

109 1829 191 1880 certe
214 1811 425 1884 clarioribus
461 1831 672 1884 exornasset.
701 1814 885 1905 Euphorio
915 1831 1034 1884 autem
1063 1834 1153 1903 quae
1182 1811 1225 1880 de
1258 1817 1292 1828 ''

111 1943 215 1996 morte
247 1948 406 2006 narrasse
438 1927 590 2012 videtur,
622 1928 775 1998 multum
805 1927 936 2000 distant
964 1929 1010 2001 ab
1048 1926 1226 1998 Ovidiana

109 2038 231 2108 sabula.
281 2041 326 2110 Et
365 2039 421 2110 hic
460 2040 606 2132 quidem
646 2041 785 2133 singula
822 2041 985 2132 persequi
1024 2061 1096 2110 non
1136 2061 1226 2130 opus

34 2207 35 2240 3
110 2175 176 2223 esse
201 2175 291 2226 reor.

33 2339 35 2350 ,
190 2267 271 2336 lam
300 2289 385 2336 vero
418 2265 605 2340 Schwarz¹
649 2269 782 2353 docuit,
806 2268 857 2337 in
893 2268 1074 2340 codicibus
1114 2266 1223 2336 schol.

33 2365 35 2436 ῗ
110 2377 190 2448 Ven.
228 2380 284 2450 ad.
323 2382 433 2450 Hom.
467 2381 577 2453 libros
615 2382 895 2473 compositorum
929 2382 1061 2475 passim
1090 2381 1226 2453 fabulas

33 2481 35 2570 ζ
109 2494 420 2586 subscriptionibus
446 2495 482 2565 in
506 2496 575 2564 line
600 2494 742 2566 adiectis
772 2496 867 2565 velut
895 2489 969 2569 till
995 2494 1108 2588 ἱστορία
1129 2501 1237 2562 κεῖται·

107 2609 181 2700 παρὰ
201 2615 246 2692 τῷ
270 2601 353 2676 δεῖνα
374 2611 429 2680 vel
451 2611 559 2680 simili
583 2612 691 2682 modo
716 2611 818 2681 certis
842 2611 1044 2682 auctoribus
1068 2610 1226 2694 attribui,

108 2744 123 2790 e
152 2744 306 2814 quorum
347 2724 517 2814 operibus
548 2743 685 2795 tantum
720 2725 839 2816 priora
877 2723 1083 2795 scholiastae
1122 2722 1228 2793 verba

107 2837 263 2926 decerpta
296 2855 423 2910 essent.
458 2841 553 2910 Nam
584 2862 687 2931 saepe
721 2839 783 2930 qui
815 2839 947 2908 scholia
980 2837 1225 2921 conficiebant,

108 2949 133 3016 si
162 2949 320 3020 fabulam
353 2974 371 3020 e
401 2973 628 3043 quocumque
659 2951 848 3043 exemplari
881 2952 916 3021 in
949 2973 1055 3019 suum
1094 2950 1227 3020 librum

107 3063 369 3159 transferebant,
410 3083 536 3155 suopte
586 3065 728 3156 ingenio
758 3065 929 3136 nonnulla
967 3063 1225 3149 admiscebant,

107 3198 190 3265 quae
219 3199 301 3248 cum
335 3201 372 3248 re
400 3179 582 3270 proposita
616 3179 734 3270 aliqua
765 3180 889 3248 saltem
928 3177 1065 3247 ratione
1102 3177 1230 3246 cohae-

107 3292 213 3362 rentia
238 3292 296 3363 hic
319 3293 435 3362 illicve
460 3294 584 3386 legisse
600 3316 674 3363 sese
699 3293 945 3364 meminissent
969 3314 1130 3384 quaeque
1156 3313 1228 3360 non

107 3407 146 3474 ad
170 3407 322 3477 eundem
348 3424 529 3478 auctorem
553 3408 779 3500 pertinerent.
809 3407 850 3474 ln
875 3407 943 3478 fine
974 3424 1093 3475 autem
1118 3405 1229 3474 histo.

106 3521 174 3589 riae
198 3543 329 3591 nomen
355 3521 431 3592 eius
456 3523 636 3615 scriptoris
661 3522 914 3614 appingebant,
941 3543 1053 3610 equo
1063 3520 1228 3611 priorem

33 3693 34 3718 2
107 3653 240 3722 partem
273 3635 412 3705 fabulae
440 3637 648 3727 petiverant,
675 3637 761 3728 quid
792 3636 921 3706 erroris
955 3635 1229 3720 committerent,

107 3770 250 3838 prorsus
266 3750 392 3820 securi.
420 3752 497 3820 Hac
519 3750 712 3824 Schwarzii
729 3750 977 3821 observatione
995 3749 1067 3818 nixi
1084 3749 1229 3818 tandem

107 3863 349 3953 quaestionem
383 3863 660 3954 disceptabimus
699 3881 804 3954 atque
835 3863 883 3932 ita
908 3862 980 3934 iere
1010 3879 1227 3931 statuemus:

176 4161 186 4202 ¹
208 4150 286 4216 Diss.
305 4158 406 4232 inaug.
424 4175 501 4232 quae
514 4157 708 4214 inscribitur:
732 4159 774 4215 De
788 4156 910 4214 scholiis
922 4155 952 4211 in
970 4133 1095 4212 Homeri
1107 4155 1229 4213 iliadem

105 4241 316 4318 mythologicis
329 4241 431 4316 'capite
450 4241 517 4313 tria,
538 4240 733 4298 Vratislaviae
757 4241 840 4314 1878.
