2876 4700
678 255 922 328 ..44-

325 425 662 519 Superiniciuntque
680 444 793 498 vestes
807 427 893 498 viles
910 445 1089 522 aetateque
1104 433 1286 502 contritas.

396 540 538 600 Vestibus
556 541 637 598 hunc
656 541 756 598 velant
775 571 809 584 -

817 625 870 682 sed
889 637 918 684 et
937 625 1011 682 haec
1030 595 1159 703 vilisque
1178 641 1333 703 vetusque

398 707 494 766 Vestis
512 721 586 765 erat.

324 804 401 894 Age
445 825 529 872 vasa
567 805 700 889 omnia,
739 789 869 896 quibus
910 805 1119 891 utebantur,
1162 829 1202 875 ex
1236 806 1368 898 argilla

236 913 469 1010 conpositas
527 1005 530 1010 ¹
987 907 991 912 ’

402 1007 405 1012 ’
450 1029 553 1088 omnia
573 1029 725 1103 fictilibus,
792 1083 799 1096 ,

822 1104 1083 1194 -mmwm

450 1213 573 1354 Sistitlur
592 1227 714 1288 argento
733 1227 829 1272 crater
848 1214 1050 1292 fabricataque
1068 1216 1136 1292 fago

452 1299 533 1356 Pocu
547 1317 572 1355 a.

326 1395 379 1464 Ita
415 1417 537 1464 rursus
573 1413 761 1488 postquam
796 1397 922 1489 Hyriei
957 1420 1074 1468 casam
1104 1399 1224 1490 superi
1258 1399 1367 1468 intra·

235 1525 376 1595 verunt,
409 1531 526 1595 senex,
557 1511 643 1601 quia

450 1623 531 1698 Ignis
550 1624 581 1682 in
600 1626 740 1687 hesterno
760 1624 860 1700 stipite
879 1643 988 1700 parvus
1008 1639 1080 1697 erat,
1101 1636 1249 1706 operose

381 1714 447 1790 Ipse
466 1733 545 1790 genu
565 1716 653 1774 nixus
672 1715 810 1774 flammas
830 1716 976 1773 exsucitat
995 1735 1067 1774 aura

451 1801 490 1858 Et
509 1800 622 1874 promit
641 1817 765 1875 quassas
783 1799 1023 1876 comminuitque
1042 1801 1131 1858 faces.

324 1900 567 1988 Apponuntur
591 1886 708 1983 holus,
739 1897 853 1981 fabae,
884 1896 987 1965 vina:
1047 1943 1050 1951 «

379 2024 467 2080 Stant
485 2023 606 2095 calices3
628 2023 728 2081 minor
747 2023 817 2080 inde
836 2021 930 2094 fabas,
951 2021 1039 2078 holus
1058 2023 1131 2080 aiter
1150 2022 1287 2079 habebat.

378 2193 513 2269 Dumque
533 2209 618 2248 mora
637 2203 688 2258 est,
710 2190 839 2249 tremula
859 2190 910 2246 dat
928 2189 998 2247 vina
1017 2190 1154 2248 rubentia
1175 2191 1286 2250 dextra.

327 2292 372 2362 Et
396 2291 504 2360 modo

450 2435 484 2448 -
497 2402 673 2461 flumineam
693 2402 756 2459 lino
776 2403 941 2462 celantibus
961 2403 1072 2476 uiuam,

453 2488 502 2546 Sic
521 2504 642 2564 quoque
662 2503 724 2543 non
744 2486 810 2544 altis
828 2487 1094 2546 incubuetetoris.

326 2599 449 2670 Crater
490 2615 607 2668 autem
641 2615 692 2667 est
732 2616 853 2682 „terra
886 2598 1068 2682 rubens“;
1104 2598 1230 2688 pocula
1261 2597 1370 2693 fagus

236 2730 347 2793 erant.
748 2701 751 2706 ⁸

327 2831 359 2899 3.
386 2831 463 2899 Iam
496 2828 617 2920 superi
651 2850 734 2897 cum
768 2850 902 2898 numen
927 2850 1031 2897 suum
1056 2827 1298 2918 indicassent,
1314 2829 1368 2898 iili

237 2945 403 3016 «attoniti
421 2945 576 3022 novitate
594 2961 750 3036 pavent»
770 2945 986 3036 unicumque
1001 2965 1176 3041 anserem,
1196 2944 1371 3014 minimae

237 3059 436 3129 custodiam
475 3059 593 3144 villae,
626 3059 682 3128 dis
716 3057 916 3150 hospitibus
954 3075 1105 3128 mactare
1137 3079 1369 3150 paraverunt.

237 3175 349 3264 Quod
364 3173 510 3265 quidem
529 3173 604 3242 fieri
620 3173 656 3242 di
672 3173 943 3265 prohibuerunt.
962 3179 1080 3264 Atque
1101 3190 1221 3264 postea
1237 3175 1373 3266 Juppi·

237 3307 303 3375 ter,
322 3310 410 3358 num
434 3288 520 3379 quid
545 3287 612 3358 sibi
638 3305 822 3379 cuperent,
848 3311 908 3358 eos
932 3288 1066 3380 rogavit
1092 3289 1373 3380 communisque

241 3405 313 3474 voti
337 3427 397 3475 eos
421 3422 602 3495 compotes
626 3404 719 3474 iecit.
752 3404 923 3476 Similiter
948 3403 1105 3497 Hyrieus
1129 3403 1219 3473 forte
1233 3405 1373 3474 ⁴audito

236 3517 382 3591 nomine
415 3516 513 3587 Jovis
546 3516 781 3608 expalluitet
812 3517 1012 3587 «cultorem
1044 3516 1210 3608 pauperis
1238 3519 1315 3608 agri
1330 3548 1372 3604 »,

237 3631 366 3702 bovem
405 3631 550 3720 insuper
591 3629 764 3700 immolat.
812 3631 923 3722 Quod
963 3648 1107 3723 propter
1152 3630 1371 3702 beneficium

235 3745 412 3838 iuppiter,
440 3744 560 3836 siquid
577 3742 681 3814 ferret
706 3745 859 3837 impetus
876 3763 997 3837 optate
1020 3766 1104 3814 eum
1129 3744 1232 3814 iussit
1256 3768 1372 3838 exop-

236 3878 421 3950 tatumque
445 3857 559 3927 filium
575 3875 614 3926 ut
627 3858 890 3950 adipisceretur,
908 3882 979 3928 una
996 3881 1078 3927 cum
1093 3858 1217 3939 ceteris
1228 3858 1371 3954 facinus

239 3974 334 4044 istud
358 3972 518 4042 molitur.

325 4087 483 4158 Maxima
516 4086 623 4176 igitur
660 4085 751 4155 inter
789 4103 977 4176 utramque
1014 4084 1185 4172 fabulam
1207 4089 1371 4160 cernitur

236 4197 449 4284 similitudo,
475 4200 563 4268 adeo
589 4215 627 4267 ut
651 4200 797 4268 alteram
813 4221 854 4268 ex
869 4199 978 4268 altera
994 4199 1065 4268 fere
1084 4200 1268 4291 repetitam
1288 4227 1373 4276 esse
