2824 4700
662 257 906 332 ..μηθ-

313 429 344 498 3.
383 433 458 521 Age
497 431 592 520 quod
631 429 666 529 in
708 429 835 529 eodem
865 429 955 498 Xlll
997 427 1088 497 libro
1129 443 1234 517 atque
1265 443 1353 495 ante

223 545 317 614 hunc
341 544 457 634 ipsum
481 545 598 616 locum
622 547 666 633 (v.
693 547 739 638 96
765 547 880 636 seqq.)
897 542 1140 634 turpissimam
1165 542 1209 612 de
1236 541 1353 614 Orio-

222 658 278 726 nis
309 656 483 729 natalibus
516 657 702 732 historiam
735 658 771 730 in
800 656 967 728 omnibus
998 655 1158 748 partibus
1192 651 1236 724 ad
1273 655 1354 724 Eu-

222 771 459 862 phorioneum
486 772 666 864 exemplar
694 773 797 869 plane
821 772 1077 841 conformatam
1110 769 1268 838 inseruit.

311 885 353 951 Οί
381 885 406 951 θ’
442 884 534 978 Ὑρίην
563 871 708 980 ἐνέμοντο
730 877 869 958 θεηδόιεον
886 881 971 977 οὖθαρ
1001 883 1132 976 ἀρούρης,

312 991 481 1081 ξεινοδόκου
511 1001 690 1092 μεθέπονοαν
714 999 881 1092 ἐπωνυμίην
913 999 1033 1092 ‘ipsios

306 1111 366 1204 Ιιίχι
389 1113 479 1206 Γίγας
509 1113 664 1208 ἀπίλεθρος
685 1094 902 1206 ’ἀπειρογοίμων
929 1112 989 1180 ἀπὸ
1011 1113 1148 1205 λέκτρων·

318 1225 416 1318 Ὠρίων
448 1227 599 1320 τρεποίτωρ
631 1226 691 1294 ἀπὸ
716 1227 840 1319 μητέρος
869 1222 967 1318 ἄνθορε
998 1224 1100 1317 γαίης,

312 1336 376 1405 εὖτε
404 1339 474 1405 θεῶν
501 1340 676 1431 τριγόνοισεν
703 1333 858 1416 cicindelae
889 1339 1006 1431 ῥεέθροις

314 1452 353 1530 εἰς
379 1453 469 1520 τόκον
493 1455 707 1544 αὐτοτίλαστον
737 1451 888 1544 ἐμορρώθη
917 1454 1002 1544 χύσις
1031 1453 1132 1543 οὔρων,
1227 1485 1232 1491 ,

313 1569 432 1634 αὔλακα
459 1568 643 1658 νυμφεύουσα
672 1566 890 1657 τελεσσεγόνοιο
914 1563 1022 1650 βοείης,

313 1670 364 1736 καὶ
386 1670 488 1752 χθονὸς
511 1665 637 1762 ἄσπορον
660 1664 708 1734 υἷα
730 1669 846 1760 λαγὼν,
872 1670 1027 1760 μαιώσατο
1051 1669 1167 1760 βύρσης.

220 1853 222 1857 .
315 1783 464 1875 Singula
493 1799 612 1856 autem
641 1781 807 1872 persequi
837 1783 919 1850 cum
948 1781 1019 1852 iam
1046 1804 1120 1850 non
1146 1804 1239 1872 opus
1270 1803 1351 1851 esse

223 1899 388 1984 arbitrer,
431 1919 542 1970 unum
586 1897 651 1968 hoe
691 1897 894 1966 addendum
931 1913 995 1982 est,
1037 1919 1080 1966 ne
1119 1896 1199 1988 quis
1234 1896 1268 1966 in
1307 1921 1350 1966 eo

222 2016 395 2108 offendam
423 2013 519 2104 quod
549 2011 639 2085 Orio
670 2013 724 2082 vel
759 2013 914 2104 Hyrieus
947 2013 982 2081 in
1016 2012 1102 2082 urbe
1136 2013 1250 2104 Hyria
1284 2037 1351 2081 na-

221 2147 281 2200 tus
319 2151 393 2200 esse
432 2127 596 2212 dicitur‚'
617 2148 700 2195 cum
740 2126 925 2216 Euphorio
959 2125 1161 2218 Tanagram
1194 2127 1349 2217 patriam

222 2246 300 2314 eius
325 2241 513 2312 vocaverit.
547 2240 663 2333 Hyria
685 2241 781 2310 enim
806 2242 913 2310 modo
935 2241 1098 2332 potestati
1123 2242 1349 2332 Tanagraeo-

224 2381 319 2444 rum,
351 2357 458 2430 modo
487 2354 745 2430 Thebanorum
782 2353 1062 2444 quia‘subiecta
1092 2359 1178 2440 erat,
1210 2377 1348 2425 nuncu·

223 2466 328 2562 parur
356 2470 462 2540 etiam
493 2468 583 2542 Orio
622 2467 850 2560 Tanagraeus
879 2483 940 2536 aut
968 2467 1176 2536 Thebanus.
1210 2471 1346 2561 Hygin.

223 2604 309 2656 astr.
343 2585 376 2654 ll
410 2585 463 2673 34.
500 2587 608 2656 Paus.
644 2583 694 2652 IX
716 2585 803 2652 w20³.
831 2581 958 2654 Strabo
988 2604 1059 2671 4ο4
1082 2584 1128 2652 ελ
1155 2585 1175 2652 l.

313 2724 348 2789 4.
377 2700 495 2774 Schol.
525 2700 604 2769 Nic.
632 2700 701 2768 Th.
730 2699 798 2768 288
834 2731 871 2757 =
904 2699 955 2768 M.
981 2699 1040 2768 ao.
1093 2699 1192 2769 Haec
1219 2701 1348 2769 tradit:

223 2816 353 2906 ψολόεις,
381 2815 449 2908 τρία
472 2813 607 2906 σημαίνει
627 2819 655 2886 ,η
685 2805 776 2896 λέξις,
810 2813 876 2878 ἔστι
901 2810 957 2904 γὰρ
989 2808 1094 2902 doado
1121 2815 1156 2880 τὸ
1182 2816 1287 2906 μελαν,
1314 2816 1352 2880 τὸ

222 2922 412 3010 σποδοειδὲς,
454 2929 488 2994 τὸ
532 2928 670 3019 λαμπρὸν
713 2979 720 2992 .
768 2925 932 3018 Εὐρορίωνε
973 2922 992 2997 ii
1031 2925 1140 2998 Αἴτνην
1186 2925 1351 3016 ψολόεσσαν

221 3047 355 3112 ἐναίλιον
379 3043 572 3136 ἀστεροπαῖον
594 3041 719 3132 ,λιγνύν
743 3064 777 3106 τε
800 3036 967 3129 ψολόεσσαν
987 3032 1145 3113 dilinitur&
1167 3066 1200 3106 τε
1224 3043 1348 3109 καπνόν.

316 3157 476 3230 Priorem
497 3133 640 3225 versum
665 3153 708 3224 de
720 3153 897 3244 Typhoeo
921 3153 990 3222 dici
1012 3154 1188 3224 existimo.
1216 3157 1351 3227 Nonno

162 3319 165 3324 -
222 3291 370 3352 auctore,
393 3291 475 3339 cum
506 3268 603 3338 nervi
628 3292 647 3336 a
671 3269 845 3360 Typhoeo
866 3292 884 3337 e
907 3290 1054 3359 corpore
1077 3270 1178 3340 lovis
1202 3272 1351 3340 detracti
1403 3291 1404 3342 ι

223 3386 362 3458 astutiis
394 3383 562 3454 Mercurii
587 3399 619 3451 et
642 3382 835 3474 Aegipanis
865 3382 992 3452 redditi
1024 3401 1155 3471 essent,
1181 3385 1352 3478 luppiter

224 3497 418 3572 ulciscendi
448 3520 552 3566 causa
564 3497 785 3589 fulminibus
818 3498 956 3567 crebris
988 3498 1095 3568 iactis
1119 3499 1351 3570 rebellantem

225 3616 362 3684 hostem
396 3617 538 3702 superat
566 3628 801 3702 superatoque
825 3616 978 3680 Aetnam
1002 3629 1162 3682 montem
1187 3603 1348 3683 involvit.

223 3727 287 3798 cfr.
318 3726 451 3796 librum
486 3726 531 3794 ll.
569 3725 670 3794 Idem
701 3724 736 3794 in
769 3725 791 3793 l.
820 3725 922 3811 XIII,
949 3725 1010 3794 ubi
1040 3725 1186 3818 vestigia
1210 3726 1348 3819 aliquot
1403 3739 1404 3750 ¹

227 3841 468 3934 Euphorionis
500 3840 571 3910 iam
601 3840 739 3931 aperui,
768 3840 966 3910 haecdicit
995 3843 1044 3930 (ν.
1079 3841 1174 3930 318).
1231 3881 1234 3886 Δ

637 4033 646 4050 ο
975 3954 1096 4039 Αἴτνης,

313 4069 367 4162 ἧχι
396 4071 484 4162 πυρὸς
515 4077 655 4160 κρητῆρες
685 4066 890 4159 ἀναπτομένης
913 4068 971 4136 ἀπὸ
994 4071 1102 4162 πέτρης

286 4161 290 4174 ,
314 4184 415 4276 θερμὸν
445 4177 645 4268 instituisso
666 4181 827 4274 Τορσεονίης
852 4186 946 4262 σέλας
967 4189 1059 4261 εὐνῆς.
1100 4237 1102 4243 .
