2876 4700
632 125 876 200 ..38-

198 317 320 391 poetae
344 297 532 370 decentius.
554 299 670 370 visum
707 316 758 367 est
790 298 913 370 ultima
928 298 1083 372 silentio
1111 297 1314 391 praeterire.

199 415 251 485 De
281 431 391 506 puero
414 415 537 484 decem
570 431 650 505 post
682 435 819 484 menses
851 412 899 483 ita
929 431 1011 482 nato
1042 430 1075 484 et
1101 414 1145 482 de
1171 411 1318 482 nomine

198 529 273 598 eius
294 528 463 619 temporis
484 528 633 600 decursu
657 528 843 620 paululum
865 546 1002 599 mutato
1027 529 1151 600 eadem
1168 544 1318 616 uterque

198 641 314 710 tradit.
360 640 492 714 Omnia
529 640 681 732 denique
728 641 832 733 quasi
867 642 1075 732 cognatione
1115 641 1321 713 continuata

199 758 292 826 inter
330 779 366 826 se
404 757 622 850 conspirant,
665 774 703 826 ut
741 756 936 828 necessario
980 757 1134 830 Ovidius
1176 777 1320 828 carmen

199 872 342 963 aliquod
382 871 623 964 Euphorionis
652 871 877 964 exscripsisse
896 867 1114 944 iudicandus
1142 873 1198 941 sit'.
1236 872 1321 941 Jam

199 1008 282 1056 vero
305 988 450 1057 alteram
478 1005 614 1078 partem
633 985 816 1080 utriusque
832 985 972 1058 fabulae
1000 988 1168 1058 hactenus
1183 985 1321 1078 neglec-

198 1118 271 1170 tam
298 1100 487 1194 diligenter
525 1100 763 1193 inspiciamus.
796 1102 837 1170 In
875 1105 944 1194 'qua
975 1123 1011 1172 re
1038 1123 1120 1170 cum
1156 1100 1244 1172 nihil
1275 1100 1321 1169 ad

200 1214 474 1306 intellegendum
511 1213 650 1286 difficile
693 1215 728 1285 in
760 1236 884 1307 graeca
920 1215 1140 1288 enarratione
1182 1215 1323 1301 existat,

199 1326 321 1398 Ovidii
350 1329 457 1398 verba
489 1349 559 1398 non
585 1329 629 1398 ab
658 1351 729 1399 una
751 1347 849 1421 parte
873 1330 1042 1400 laborant.
1077 1333 1130 1399 Ac
1160 1328 1322 1420 primum

199 1460 414 1534 quantopere
455 1441 562 1514 distat
602 1443 695 1534 apud
731 1464 815 1514 eum
854 1444 960 1515 altera
990 1465 1072 1537 pars
1105 1443 1150 1514 ab
1188 1445 1318 1514 alteral

199 1556 365 1643 Ovidius,
400 1557 461 1648 qui
495 1558 727 1651 quadraginta
773 1557 933 1628 versibus
973 1580 1049 1628 rem
1089 1559 1321 1629 viridissimis

199 1671 377 1742 coloribus
403 1671 563 1762 depinxit
593 1690 626 1741 et
658 1694 701 1742 ne
740 1673 888 1744 minima
926 1672 1071 1763 quidem
1106 1671 1141 1741 in
1172 1673 1320 1743 historia

199 1785 388 1855 excolenda
416 1801 520 1880 atque
550 1787 757 1879 expolienda
788 1785 1058 1878 omisit-quanta
1092 1804 1209 1857 autent
1236 1786 1321 1856 dili·

199 1897 313 1989 gentia
343 1899 474 1969 leviora
512 1902 688 2020 quaedpm
720 1899 964 1987 elaboraverit,
992 1901 1088 1972 cerni
1118 1903 1232 1992 potest
1263 1904 1320 1972 vel

199 2011 350 2081 maxime
372 2033 405 2080 v.
423 2015 565 2107 497l98,
598 2015 711 2103 50113,
739 2017 883 2108 525l293
908 2036 1017 2106 quam
1037 2015 1162 2108 longus
1187 2016 1244 2088 ille
1268 2034 1322 2088 est

199 2125 234 2193 in
264 2127 556 2216 repraesentanda
584 2127 648 2197 viri
676 2127 926 2198 sedulitate-
950 2127 1105 2199 Ovidius
1129 2129 1221 2216 dico,
1238 2129 1321 2199 bre·
1414 2195 1415 2216 ,

200 2239 342 2310 tissime
366 2257 400 2309 et
422 2240 522 2331 quasi
547 2240 759 2312 industriam
783 2259 882 2311 antea
905 2241 1102 2310 adhibitam
1125 2229 1321 2335 respueret,

199 2378 275 2426 rem
308 2356 350 2425 ad
384 2355 492 2425 linem
522 2356 698 2448 perduxit,
732 2374 771 2425 ut
801 2356 908 2426 verba
932 2357 1008 2427 eius
1038 2358 1195 2426 dilucido
1213 2380 1323 2427 sensu

199 2485 349 2538 careant.
389 2467 479 2539 Orio
517 2469 623 2561 igitur
661 2493 681 2538 a
720 2469 834 2542 Diana
857 2471 893 2540 in
929 2471 1080 2564 venandi
1120 2470 1324 2542 societatem
1413 2497 1414 2530 ÷

199 2597 401 2672 assumptus
421 2603 501 2653 cum
517 2583 693 2674 arroganti
710 2605 795 2656 voce
821 2584 945 2655 iactata
969 2583 1323 2673 deoslacessivisset,

199 2697 384 2788 scorpione
416 2697 577 2767 immisso
612 2717 818 2790 peremptus
853 2718 916 2770 est.
961 2701 1059 2770 Haec
1084 2715 1137 2767 est
1166 2695 1326 2787 vulgaris
1412 2785 1413 2790 Ἰ

199 2811 320 2902 opinio
344 2830 378 2882 et
405 2836 474 2904 qua
502 2813 546 2882 ab
570 2812 703 2886 Ovidio
740 2836 885 2907 quoque
917 2834 990 2883 rem
1030 2813 1145 2882 fictam
1181 2832 1327 2902 exspec-

197 2945 363 2997 taremus.
390 2933 438 2998 At
469 2929 628 3020 scorpius
656 2947 791 3000 eterra
823 2933 877 3030 (an
908 2952 927 2998 a
953 2929 1096 2999 Tellure
1112 2928 1137 3014 i)
1168 2928 1211 2996 ad
1241 2947 1327 3017 sup·

198 3042 344 3133 plicium
368 3041 516 3113 Orionis
547 3043 675 3113 missus
703 3044 791 3114 adeo
818 3064 889 3112 non
915 3041 1071 3112 officium
1095 3063 1203 3110 suum
1224 3063 1327 3110 exse·
1411 3075 1412 3128 3

197 3151 330 3250 quitur,
361 3176 401 3228 ur
431 3158 565 3252 spicula
595 3181 702 3229 curva
735 3162 905 3243 Latonae,
940 3158 1025 3231 deae
1055 3156 1323 3249 gemelliparae,

197 3292 236 3342 ut
266 3271 420 3345 Ovidius
448 3273 509 3358 ait,
541 3273 669 3345 inicere
692 3291 801 3366 paret.
835 3271 915 3344 Hoc
939 3294 1001 3342 cur
1029 3270 1135 3340 facit?
1166 3268 1326 3341 Ovidius
1410 3323 1411 3384 ἦ

198 3408 269 3458 non
298 3387 447 3480 explicat
473 3408 586 3477 neque
618 3387 732 3457 ullum
768 3387 878 3456 alium
918 3403 1100 3455 auctorem
1131 3384 1227 3469 novi,
1258 3386 1327 3475 qui
1410 3385 1411 3444 i

197 3517 380 3574 antaeum
412 3501 478 3570 hoc
508 3501 712 3574 narraverit.
748 3503 884 3572 Latona
914 3498 1027 3592 porto'
1059 3517 1181 3571 utrum
1209 3498 1326 3589 parti-

195 3635 275 3704 ceps
306 3613 502 3684 venationis
526 3635 569 3684 an
599 3637 682 3684 casu
706 3614 862 3706 quodam
891 3634 1056 3704 praesens
1081 3628 1146 3696 est,
1164 3627 1204 3678 ut
1226 3611 1320 3680 Era·
1409 3615 1410 3708 l

195 3715 375 3796 tosthenes
402 3728 500 3800 tinxit
522 3729 672 3820 παρούσης
689 3726 739 3793 καὶ
754 3736 810 3803 τῆς
825 3727 983 3805 Λητοῦς.)ι
1002 3726 1057 3795 Ne
1080 3727 1147 3795 hoc
1168 3721 1320 3814 quidem

195 3913 409 3928 m

266 4005 405 4062 lDelum
431 4021 495 4061 esse
514 4005 624 4074 locum,
649 4002 701 4058 ubi
731 4019 792 4058 rem
818 4001 925 4059 factam
952 4013 1041 4074 poeta
1061 3997 1156 4072 fingit,
1182 4014 1245 4055 non
1266 4011 1317 4056 est

194 4106 247 4146 cur
265 4087 412 4160 expressis
430 4087 527 4144 verbis
547 4104 696 4144 moneant.
714 4087 753 4143 At
772 4085 839 4142 vide
858 4101 923 4158 pag.
944 4102 992 4155 40.
