2824 4700
523 337 567 348 ..
614 287 663 370 al
718 337 766 348 .-

176 491 231 538 το.
249 469 621 562 Thebarum-denique
638 484 758 562 portae
768 469 932 542 Oncaeae
948 483 1201 538 memorantur.

174 581 229 652 23.
267 585 319 654 De
358 583 617 675 Hippocoontis
654 583 735 653 filiis
778 601 815 652 ut
851 583 912 674 qui
948 582 1221 657 Dioscurorum.

94 695 313 788 ἀντιμννοτῆρτς
334 694 476 764 fuerint.
929 720 932 726 ’
1128 713 1131 718 ·
1167 690 1172 696 ”

171 810 206 879 3.
233 810 311 880 Iam
334 833 374 880 ea
395 809 556 884 *carmina
579 810 791 880 recensenda
814 826 914 896 sunt,
940 821 1096 900 quorum
1111 807 1202 876 tituli

28 917 29 922 ’
93 945 125 990 er
148 921 233 1015 ipsis
258 923 472 1014 argumentis
498 945 628 993 nomen
655 923 818 993 habeant.
854 947 857 951 ·

169 1039 290 1130 Γέρανος
322 1037 446 1130 fragm.
475 1039 516 1122 8,
540 1038 577 1128 si
604 1059 639 1106 re
662 1061 751 1127 uera
790 1038 1030 1130 Euphorionis
1062 1059 1101 1106 ac
1130 1058 1200 1105 non

91 1153 256 1242 Archytae
280 1169 342 1222 est.
741 1173 745 1181 ¹
768 1175 770 1178 ·

174 1265 278 1344 ’Άνιος
302 1266 425 1358 fragm.
454 1287 486 1334 2.

168 1382 359 1456 Φιλοκτήτης
383 1380 440 1470 39,
465 1402 524 1467 40.

145 1543 147 1548 -
174 1493 318 1570 ’Υοίιιὶνθος
342 1493 458 1564 3638.

167 1607 301 1686 Διονυσος
330 1607 446 1676 ro·rti.

172 1718 265 1788 Ἱστία
287 1719 339 1786 καὶ
368 1719 494 1812 ’Ἴναχος
518 1742 574 1809 24.
602 1723 683 1792 Duo
706 1722 863 1792 carmina
891 1723 983 1792 haec
999 1720 1106 1790 luisse
1129 1733 1200 1787 sta·

87 1835 250 1905 tuendum
273 1850 338 1920 est,
364 1835 431 1904 nisi
455 1835 794 1928 quiscorruptelam
818 1837 962 1906 subesse
986 1833 1195 1926 suspicatur.

90 1949 161 2018 Hoc
195 1951 273 2020 loco
309 1950 438 2021 referre
474 1951 552 2021 licet
588 1973 727 2022 carmen
765 1952 800 2022 in
833 1949 1019 2021 Bacchum·
1042 1948 1198 2019 hiantem

89 2063 320 2156 compositum
344 2065 442 2154 quod
467 2065 608 2135 citatur·
626 2066 661 2136 in
696 2065 826 2138 Milleri
860 2065 941 2134 mel.
973 2065 1017 2134 de
1050 2063 1113 2134 litt.
1145 2083 1196 2153 gr.

88 2197 159 2267 pag.
183 2199 230 2268 49
254 2181 283 2244 ἐν
306 2181 499 2272 ὑπομνήματι
523 2177 708 2272 ἀνεπίγράφῳ
738 2179 776 2256 εἰς
798 2181 850 2246 τὸν
880 2179 1029 2271 κεχηνότα
1051 2178 1196 2244 Διόνυσον.

87 2306 117 2356 et
142 2311 217 2383 pag.
247 2292 316 2361 atio
340 2285 483 2384 parapside
505 2294 543 2358 ἐν
561 2293 687 2378 Διονύσῳ
715 2293 866 2384 κεχηνότι,
917 2292 1013 2362 Huic
1051 2290 1198 2360 carmini

87 2403 308 2475 tribuendum
334 2423 385 2476 est
406 2405 531 2496 fragm.
560 2428 642 2476 νοτ.

129 2543 132 2547 ·
168 2541 201 2606 4.
230 2511 377 2592 Restant
410 2519 546 2610 aliquot
568 2520 676 2605 tituli,
701 2521 763 2612 qui
781 2518 1021 2610 'probabiliori
1048 2519 1196 2611 explica·

86 2631 167 2702 tioni
198 2641 408 2727 repugnant.
457 2635 499 2704 ln
529 2655 681 2724 quorum
715 2656 839 2724 genere
872 2651 924 2704 est
947 2636 1054 2712 Ξένιον,
1091 2634 1147 2703 bis
1180 2658 1200 2703 a

86 2750 315 2838 grammaticis
338 2752 381 2838 (ἐν
403 2737 499 2838 aerio)
524 2749 680 2846 citatum.
713 2750 825 2841 Quod
849 2772 930 2819 cum
955 2749 999 2818 ad
1024 2749 1058 2819 id
1086 2771 1198 2841 genus

87 2864 280 2952 titulorum,
296 2887 387 2956 quos
396 2865 513 2958 primo
522 2866 599 2936 loco
614 2865 796 2950 collocavi,
813 2865 988 2956 pertinere
1003 2885 1074 2934 non
1091 2865 1201 2955 possit

85 2979 382 3071 -nequeenim
408 2979 600 3071 quisquam
632 2980 873 3072 Euphorionis
897 2996 1006 3074 aetate
1035 2979 1084 3048 sic
1110 3001 1202 3047 nun·

87 3111 285 3184 cupatur-
298 3088 375 3164 esse
389 3094 493 3165 debet
504 3088 617 3174 ·ξένιον,
635 3095 713 3164 he.
737 3115 876 3164 carmen
888 3091 1199 3177 dedicator-iorum.

87 3209 145 3278 sed
170 3210 248 3279 sino
272 3209 383 3279 dubio
408 3211 567 3300 longiore
592 3227 799 3302 argumento
815 3231 924 3300 quam
948 3207 1128 3300 ἀποφόφητα
1143 3208 1201 3277 illa

88 3321 267 3394 Martialis.
309 3323 393 3414 Qua
423 3344 459 3393 re
484 3324 512 3393 si
536 3324 618 3414 quis
641 3323 759 3416 primo
782 3323 968 3392 titulorum
993 3321 1111 3392 ordini
1136 3324 1201 3391 hoc

88 3458 225 3510 carmen
257 3439 529 3509 adscribendum
562 3457 693 3522 censet,
726 3439 814 3509 nihil
847 3438 1015 3529 equidem
1038 3437 1197 3507 obstabo.

89 3551 198 3623 Porro
213 3552 353 3638 Κλιτορίς
368 3569 487 3623 exstat.
506 3553 568 3623 cfr.
586 3553 711 3644 fragm.
730 3556 788 3646 69.
808 3552 1009 3643 Stephanus
1028 3555 1111 3644 Byz.
1125 3577 1152 3621 s.
1166 3576 1199 3620 ν.

92 3663 235 3758 'optundet
269 3667 356 3744 πόλις
387 3659 574 3745 Μακεδονίας
596 3705 641 3720 -
663 3707 708 3722 -
730 3651 885 3738 >cartalam
908 3665 1051 3745 Βοιωτίας
1077 3667 1141 3758 περὶ
1168 3664 1204 3744 ἧς

88 3781 228 3874 Εὐφορίων
255 3781 420 3874 Κλιτορίς;’
435 3778 525 3859 Abale
552 3784 581 3848 τ’
612 3782 737 3875 Ὠρωπός
759 3807 793 3848 τε
816 3780 867 3848 καὶ
896 3781 1065 3875 Ἀμοιοίρεια
1083 3783 1201 3874 λόετρα.

92 3893 251 3966 Meineke
267 3898 310 3966 de
327 3896 461 3968 Clitore
482 3897 661 3988 cogitavit,
687 3898 775 3988 «qui
801 3896 866 3967 fuit
888 3897 1019 3966 Azanis
1042 3890 1203 3967 Arcadici

90 4011 178 4100 regis
189 4012 293 4097 filius,
304 4018 364 4078 τῶν
381 4013 527 4096 βασιλέων
538 4004 757 4096 δυνατώτατος,
770 4027 809 4080 ut
819 4028 870 4081 est
884 4012 977 4102 apud
992 4011 1205 4080 Pausaniam

93 4126 203 4195 Arcad
239 4127 289 4197 IV
314 4128 346 4195 3.
374 4142 408 4196 et
441 4144 583 4218 propter
616 4119 779 4196 funebres
813 4125 916 4195 ludos
947 4145 1038 4215 quos
1071 4124 1206 4214 primus
1279 4163 1287 4172 ι

93 4240 250 4310 omnium
275 4238 437 4324 instituit,
464 4240 701 4310 celebratus».
735 4239 887 4308 Videant
915 4237 985 4306 alii.
1034 4238 1207 4328 adquae
