2824 4700
540 282 764 354 ,9.-

79 449 268 522 fortiorem
293 454 366 522 vim
390 455 472 524 huic
496 454 573 523 voci
592 454 739 538 ⁴tribu-it,
766 477 875 544 quam
894 457 1095 546 -exprimere
1111 459 1210 530 liceat

81 566 193 635 verbo
218 569 408 639 nutriendi.
436 569 602 652 Ceterum
627 567 685 660 ψίω
710 571 981 662 occurritapud
1007 573 1209 664 Hipponac-

82 687 152 748 tem
176 680 316 773 (fragm.
353 683 422 771 33).
448 681 587 753 —·.Cfr.
618 704 652 752 n.
680 687 737 774 9.¹
1082 685 1087 695 ’

180 818 232 862 12.
265 798 447 889 Tappu‘ooeo.
480 797 629 866 verbum
663 799 850 889 Lycophro
885 799 1048 882 adhibet,
1081 801 1153 891 qui¹
1174 825 1207 869 ν.

90 933 176 1000 1177
204 909 308 980 dicit:
346 917 525 1004 κλαγγαῖσι,
543 915 769 1004 ταρμύσσοοσαν
804 917 1059 1007 (drepanam)
1083 918 1212 1008 ἐπύχοις

83 1027 217 1115 βροτούς.
268 1027 373 1096 Unde
400 1027 584 1117 Euphorio
616 1027 753 1118 (fragm.
792 1030 871 1116 103)
896 1029 1112 1123 ,1ἱτσίρφιο1ιτονι
1138 1025 1209 1099 101·

72 1154 205 1205 mavit.
703 1212 706 1217 ,

179 1251 231 1318 13.
260 1252 355 1321 Raro
372 1253 479 1320 verbo
494 1236 664 1344 τοιφύσσιιν
681 1271 828 1343 uterque
846 1254 970 1342 utitur,
987 1256 1044 1325 iiie
1062 1280 1094 1324 ν,
1120 1259 1182 1348 198
1200 1284 1207 1324 :

81 1364 115 1428 ὃν
139 1368 298 1458 (κρατῆρα)
325 1369 450 1459 μέλαινα
478 1359 612 1458 ποιφύξει
634 1407 679 1416 —-
703 1359 927 1461 δαιταλοοργία.
960 1369 1125 1458 (Wilam.
1145 1393 1210 1460 pro

83 1471 332 1572 δαιταλοοργίᾳ),
373 1481 429 1550 hic
469 1483 617 1574 fragm..
642 1484 699 1577 96.
736 1483 859 1576 Ζεφύρου
892 1485 970 1578 pipo
1001 1477 1206 1576 ποιφύξαντος.

84 1589 240 1680 80111110,
277 1594 338 1682 qui
371 1595 436 1662 hoc
464 1594 787 1685 ,verbumprimus
811 1595 973 1681 admisit,
1009 1603 1210 1691 μεταφορικῶς

84 1704 230 1774 adhibet
253 1707 472 1798 coniungens
497 1704 579 1776 cum
605 1731 646 1776 eo
670 1707 823 1778 terrendi
850 1709 1051 1779 notionem:
1081 1702 1211 1777 παιδικὰ

81 1811 245 1908 ποιφυξεῖς.
271 1821 355 1889 Ath.
386 1821 456 1889 VII
484 1822 553 1908 324
576 1821 599 1889 f.
627 1821 790 1910 (Kaibel).
1088 1822 1092 1832 ⁴

180 1956 231 2022 ¹4·
260 1930 545 2006 interiectionem
561 1935 657 2004 illam
672 1932 697 1999 ὦ
711 1935 803 2001 τόποι
823 1936 857 2004 in
882 1936 981 2005 libris
1007 1939 1210 2007 Homericis

82 2049 266 2139 vulgarem
292 2050 480 2141 Lycophro
505 2050 704 2129 vocativum
730 2049 754 2116 ὦ
777 2051 844 2117 θιοὶ-
864 2049 1113 2143 interpretatus
1144 2072 1225 2137 est,

83 2181 208 2232 nactus
235 2164 269 2231 in
295 2164 359 2232 hac
385 2185 420 2232 re
447 2164 716 2254 Euphorionem
742 2166 968 2236 imitatorem.
1286 2160 1290 2169 ¹

173 2299 206 2344 v.
233 2277 314 2368 943.
340 2274 563 2370 τοιγὰρπόποι
585 2271 707 2370 φύξηλιν
733 2271 884 2372 ἥνδρωσαν
912 2281 1029 2373 σπόρον.
1049 2299 1083 2350 et
1099 2307 1208 2373 aeque
1270 2299 1272 2304 '

83 2392 202 2483 Euph.
222 2395 344 2484 fragm.
365 2416 411 2483 99
428 2397 456 2459 ἐν
473 2385 507 2458 di
522 2393 630 2469 nonore
644 2395 771 2460 ἕσσαντο
787 2395 942 2484 (θέσσαντο
965 2395 1109 2466 forsitan
1128 2399 1203 2487 Μ.).

83 2507 187 2575 Hanc
222 2510 385 2577 voculam
422 2508 606 2599 ingenium
636 2511 866 2605 studiumque
885 2507 1207 2601 'grammaticorum

79 2620 276 2690 exercuisse
310 2622 522 2711 Apollonius
554 2645 618 2690 nos
651 2625 764 2692 docet.
797 2627 880 2693 Lex.
915 2626 1012 2694 hom.
1046 2626 1122 2711 133,
1155 2652 1205 2718 19.

77 2733 171 2801 πόποι
194 2737 368 2828 ἐπιφώνημα
384 2740 613 2827 σχετλιαστικὸν
631 2765 637 2777 ·
657 2740 733 2816 τινὲς
749 2732 782 2805 δὲ
796 2733 903 2816 ἔδοξαν
919 2741 1071 2834 σημαίνειν
1094 2739 1117 2806 ὦ
1138 2743 1205 2816 θεοὶ.

78 2857 95 2916 ὁ
119 2859 189 2943 γοῦν
212 2850 357 2942 Εὐφορίων
381 2849 484 2942 puoh:
513 2875 545 2919 v.
571 2851 629 2919 cit.
655 2852 731 2928 τινὲς
754 2844 787 2918 δὲ
812 2853 911 2936 τούτῳ
942 2853 1114 2938 βοηθοῦντές
1134 2880 1208 2946 φασι

77 2971 255 3059 συναλοιφὴν
271 2962 356 3052 εἶναι,
380 2971 409 3033 ἐν
425 2960 458 3032 δὲ
474 2967 608 3051 ἑπόποις,
628 2966 693 3032 ἀντὶ
716 2977 769 3034 τοῦ
785 2967 941 3044 ἐπόπταις.

170 3087 225 3168 15.
252 3079 385 3152 Vocem
409 3085 537 3175 κενάριον
561 3107 580 3150 a
606 3083 840 3174 Lycophrone
865 3105 929 3172 pro
962 3106 1003 3151 eo
1028 3086 1126 3174 quod
1151 3103 1203 3153 est

76 3197 251 3288 κενοτάφιον
273 3197 423 3286 positam
453 3198 574 3266 habes,

167 3334 200 3379 v.
228 3312 308 3402 370.
333 3309 407 3376 ἀλλ’
429 3308 534 3403 011011]
552 3310 667 3400 οἰκτρὸν
691 3311 742 3375 καὶ
768 3310 903 3403 κενηρίιον
920 3311 1032 3403 γραφάς
1047 3334 1110 3380 nec
1126 3335 1199 3382 ¹non

77 3427 122 3495 ab
148 3424 398 3516 Euphorione:
426 3423 552 3514 fragm.
581 3425 639 3493 81.

244 3555 246 3560 ’
298 3535 459 3629 Ἀγχίαλον
482 3538 636 3629 Βραύριονα
660 3539 787 3628 κενήριον
808 3536 982 3628 Ἰφιγενιίης.

173 3651 224 3720 ro.
253 3653 394 3721 Nomen
418 3651 502 3740 χιλός
528 3633 878 3742 17101111101111111111
910 3651 952 3720 de
984 3651 1201 3720 nutrimento

74 3770 228 3837 humano
253 3765 365 3857 ponit.

147 4046 518 4122 ιΕιι1111111101111111110111111
540 4045 734 4117 carminibus,
749 4029 909 4102 communi¹
925 4047 1053 4104 Graecae
1074 4065 1199 4122 poeseos

73 4133 172 4190 forma
192 4144 281 4204 atque
300 4129 426 4204 origine,
448 4129 596 4204 Euptorio
616 4147 737 4204 quoque
758 4129 836 4186 haud
856 4129 918 4186 scio
939 4149 976 4186 an
997 4131 1090 4188 multa
1110 4133 1200 4188 rerba

75 4215 307 4292 deprompserit.
