2876 4700
680 271 921 345 ..54..

241 466 294 518 est
321 451 365 519 ad
397 451 624 540 Propertium
660 471 698 519 ac
729 449 940 541 Vergilium,
971 448 1186 539 quibuscum
1217 447 1248 518 ei
1280 447 1364 516 inti·

244 586 341 635 mam
377 565 653 636 familiaritatem
689 565 921 650 intercessisse
957 565 1041 633 satis
1070 581 1216 634 constat.
1266 561 1364 633 Nam

243 680 306 764 illi,
336 679 397 771 qui
426 702 526 750 more
555 680 709 750 maxime
737 679 872 770 vulgari
904 678 1062 748 carmina
1083 677 1198 756 amico
1220 676 1364 746 dedica-

162 857 164 862 .
242 812 378 880 verunt,
410 795 620 885 aliquotiens
650 796 700 874 ad
724 809 931 886 argumenta
966 792 1010 861 ab
1043 792 1103 861 illo
1132 809 1279 862 tractata
1308 791 1364 859 vel

211 909 359 1000 .potius
407 909 451 980 ab
493 909 554 978 illo
575 908 765 979 'translata
791 931 823 978 .e
863 905 1080 978 carminibus
1119 906 1365 996 Euphorionis

241 1023 354 1094 obiter
386 1023 559 1093 alludunt.
602 1025 654 1093 lta
695 1022 853 1114 insignis*
886 1040 937 1091 est
977 1021 1158 1112 imprimis,
1189 1021 1286 1090 locus
1320 1021 1363 1104 is,

240 1137 301 1228 qui
324 1155 433 1206 exstat
456 1139 491 1205 in
515 1137 583 1206 fine
607 1137 738 1227 elegiae
761 1137 806 1224 34
827 1136 908 1206 libri
929 1136 964 1205 ΙΙ
988 1137 1082 1227 apud
1109 1134 1361 1226 Propertium:

382 1301 419 1356 ΕΓ
440 1289 531 1356 modo
551 1299 682 1358 formosa
701 1320 792 1376 quam
813 1302 906 1358 multa
927 1277 1075 1375 Lycoride
1095 1300 1197 1358 Gallus

453 1385 592 1446 Mortuus
611 1385 726 1443 inferna
744 1385 869 1442 vulnera
888 1385 957 1442 lavit
977 1402 1064 1459 aqua.

330 1540 469 1612 Scilicet
486 1565 589 1611 sensu
605 1542 775 1612 tralaticio
793 1543 878 1612 haec
895 1539 1097 1632 accipienda
1116 1557 1219 1607 sunt:
1248 1539 1364 1628 Lyco·

240 1655 353 1724 ridem
383 1656 506 1724 insano
535 1655 593 1724 ille
622 1677 742 1725 amore
773 1657 922 1746 deperiit
953 1657 1133 1746 multaque
1159 1677 1179 1721 a
1207 1652 1295 1720 dura
1330 1670 1365 1720 et

157 1851 159 1856 Ι
240 1768 419 1837 fastidiosa
446 1748 561 1860 puella
587 1770 717 1838 amoris
742 1770 843 1860 quasi
867 1771 1011 1839 vulnera
1028 1791 1151 1862 passus
1167 1783 1231 1850 est,
1250 1766 1363 1834 donec

240 1900 354 1952 morte
383 1901 522 1976 matura
554 1907 624 1972 una
652 1905 732 1953 cunr
764 1885 835 1982 illis
864 1885 954 1960 vitae
985 1905 1127 1975 quoque
1149 1882 1256 1976 finem
1285 1879 1362 1970 ipse

240 1997 447 2087 imponeret.
495 1997 586 2068 Cum
628 1998 682 2067 his
719 1997 835 2068 verbis
871 2021 1036 2088 compara
1066 1994 1360 2086 Euphorioneum

239 2132 393 2179 versum.
427 2109 681 2180 Westermaun
706 2114 818 2201 myth.
846 2133 897 2202 gr.
931 2111 992 2182 183
1019 2145 1056 2168 =
1084 2111 1134 2179 M.
1153 2109 1278 2198 fragm.
1300 2108 1359 2198 37.

327 2226 470 2303 Κώκυτός
495 2227 564 2315 [τοι]
592 2235 695 2318 μοῦνος
715 2225 764 2320 ἀφ’
790 2229 881 2324 ἕλκεα
900 2224 978 2316 νίψεν
1001 2218 1142 2306 Ἄδωνιν,
1166 2245 1273 2314 quem
1298 2225 1362 2314 qui

239 2341 321 2433 citat
368 2329 596 2435 Ptolomaeus
638 2343 756 2434 Heph.
796 2365 959 2433 perverse
1004 2343 1051 2411 ita
1079 2344 1359 2431 interpretatur:

238 2455 421 2554 Rabannae*
402 2465 517 2560 Γνμμά,
547 2457 610 2524 Xei
592 2483 753 2668 tptuyogp
723 2456 781 2527 ἐπὶ
805 2467 843 2530 τῆ
883 2457 1000 2551 Γατρικῆ
1031 2457 1162 2556 μαθηῗῆς
1191 2443 1363 2541 ἐθεράπευσε

237 2571 300 2640 τὸν
308 2548 493 2662 Aburii
470 2573 526 2667 υπὸ
552 2582 605 2638 τοῦ
629 2573 738 2650 συὸςτ
755 2573 877 2640 ωθέ.ντα
886 2573 1047 2664 Quem
1076 2571 1209 2663 profert
1241 2570 1363 2639 Ptole-

241 2687 373 2774 maeus,
386 2669 530 2780 hbmo
534 2669 676 2757 haud
668 2599 889 2782 incorruptae
922 2687 1018 2772 fidei,
1051 2685 1240 2802 Cocytum,
1272 2685 1363 2756 Chi·

238 2801 591 2898 ronisdiscipulum,
592 2826 697 2887 nemo
711 2804 825 2873 novit:
851 2805 969 2873 Immo
985 2805 1138 2896 Cocytus
1156 2819 1207 2872 est
1223 2800 1362 2870 flumen

238 2915 323 2984 illud
363 2915 573 3002 inferorum,
615 2933 666 2985 est
704 2913 882 3021 inferna,
885 2934 924 2985 ut
940 2935 1043 2987 vertit
1082 2891 1248 3001 Gallus,
1253 2939 1360 3006 aqua

237 3017 361 3101 Gallus
393 3031 516 3120 eadem
557 3025 701 3099 verba
704 3053 793 3120 quae
823 3030 1009 3120 Euphorio
1038 3031 1081 3122 de
1111 3030 1233 3098 saucio
1258 3027 1363 3096 Ado-

237 3143 316 3214 nide
318 3145 539 3236 usurpavit,
564 3141 784 3226 manifesta
775 3143 972 3238 imitatione
998 3144 1188 3234 nescioquo
1212 3144 1290 3211 loco
1316 3143 1363 3212 de

236 3258 282 3328 se
299 3259 428 3329 infelici
457 3281 576 3342 amore
600 3257 727 3327 afflicto
739 3249 815 3348 ipse
839 3257 1014 3344 adhibuit,
1050 3257 1112 3348 qui
1139 3258 1236 3325 locus
1267 3257 1361 3326 Pro-

236 3375 366 3463 pertin,
391 3396 472 3442 curn
500 3373 597 3442 illam
623 3367 772 3463 elegiam
801 3373 996 3458 conficeret,
1016 3372 1221 3442 obversatus
1246 3389 1309 3441 est.

228 3485 232 3488 ’
325 3487 401 3555 lam
433 3485 647 3580 Vergilius
639 3479 726 3556 'Ecl
760 3487 794 3554 X
822 3489 876 3574 50)
906 3509 986 3554 cum
1012 3485 1153 3556 Gallum
1176 3485 1359 3555 dicentem

234 3571 337 3667 lacit:

394 3739 447 3818 lbo
467 3750 494 3793 et
515 3735 687 3794 Chalcidico
707 3716 874 3811 quaesunt
894 3707 1227 3807 mihi'conditanversu,

393 3819 532 3897 Carmina
552 3821 680 3894 pastoris
700 3821 792 3878 Siculi
812 3821 993 3878 modulabor
1012 3837 1111 3876 arena.

322 3984 364 4051 ad
394 3982 552 4057 carmina
582 3981 825 4054 Chalcidensis
855 4001 977 4072 poetae
1006 3979 1157 4050 intendit
1181 4003 1235 4064 ea,
1261 4004 1355 4073 quo·
1423 4015 1424 4022 Γ

233 4117 313 4163 rum
336 4113 584 4186 argumentum
611 4119 630 4164 e
654 4119 779 4186 genere
801 4097 973 4164 amatorio
995 4113 1079 4164 erat.
1112 4097 1238 4185 Neque
1256 4097 1357 4165 enim

232 4207 299 4274 alia
330 4208 469 4298 syringe
505 4209 669 4296 pastorali
709 4208 884 4278 modulati
918 4209 1041 4280 Gallus
1064 4211 1197 4300 potuit.
1247 4211 1356 4280 Eius·
1416 4233 1421 4316 Γ
