2824 4700
553 287 772 360 -q..

101 460 160 552 σίρα
176 463 318 552 Βέβρυκες
334 453 434 553 ἄνδρες
445 413 484 529 ΙΙΙ
502 462 547 550 98
565 478 671 549 atque
686 457 755 530 τίσω
770 458 938 550 Βεβρυκίης,
951 457 985 532 ΙΙ
1007 457 1083 526 136.
1117 457 1225 548 Apud

101 575 332 646 Theocritum
355 596 398 644 20
419 579 501 663 (22),
525 596 568 664 29
590 575 739 664 Βέβρυκας
762 589 875 642 metro
898 569 1069 661 dactylico
1086 569 1223 659 legitur.

192 727 224 778 2.
251 712 384 780 Vocem
402 707 626 802 ‘intentantur
668 705 855 802 Lycophr'o
892 709 1029 800 primus
1063 709 1234 780 formavit

101 848 134 891 v.
169 849 255 916 1117
288 865 291 874 .
329 867 333 872 -
900 841 903 846 '

354 931 502 1018 δίσζηλος
530 939 732 1032 οίστέμβοικτα
750 942 970 1031 πιριωρουριένη.

190 1079 241 1146 Ita
254 1075 439 1168 Euphorio
454 1077 491 1146 in
505 1079 623 1168 Etym.
639 1079 759 1170 Magn.
780 1077 925 1166 (Miner,
938 1078 1020 1145 mel.
1033 1079 1077 1147 de
1093 1075 1158 1144 litt.
1172 1097 1222 1168 gr.

100 1214 182 1282 pag.
213 1196 274 1283 49)
298 1216 326 1260 s,
353 1216 385 1261 v.
414 1191 566 1285 σίσρεμρίς
583 1220 590 1233 ’
610 1193 835 1284 ἀστέμβακτον·
862 1191 1001 1264 ἀκίνητον
1023 1190 1041 1264 ἢ
1065 1193 1186 1276 βέβαιον
1207 1190 1226 1263 ἢ

101 1310 273 1398 τετιημένον
300 1332 307 1346 ·
334 1309 481 1400 Εὐφορίων
504 1305 563 1375 οἷον

254 1497 256 1502 Ι
287 1422 385 1493 ποίντη
418 1415 451 1489 δέ
475 1448 506 1488 σε
530 1424 607 1512 (leg.
635 1426 694 1510 σέο)
719 1425 804 1500 κλέος
834 1423 1059 1515 ἀστέριβακτον,

192 1559 304 1652 εἴρηται
334 1559 414 1628 κατὰ
447 1561 595 1653 αἱπόρασιν
619 1547 672 1628 τοῦ
703 1555 883 1654 στεγαβοίξαι,
908 1565 927 1627 ὅ
956 1564 1034 1627 ἐστιν
1064 1560 1182 1652 ὑβρίσαι
1218 1588 1223 1600 ·
1256 1571 1262 1582 “

100 1679 196 1752 οὕτως
233 1679 261 1742 ἐν
300 1679 495 1770 ὑπομνήματι
533 1676 720 1769 ἀνεπιγροίρῳ
757 1675 795 1754 είς
827 1678 878 1743 τὸν
914 1676 1062 1766 κεχηνότα
1094 1676 1228 1741 Διόνυσον

102 1789 292 1882 Εὐρορίωνος.
315 1831 359 1842 --
380 1791 441 1859 cfr.
466 1790 591 1883 fragm.
622 1793 697 1859 106.
722 1791 885 1860 Meineke
910 1813 951 1860 ex
973 1790 1159 1860 Eustathio
1182 1791 1226 1858 ad

102 1905 144 1973 ll.
161 1905 241 1989 235,
261 1930 312 1990 10,
325 1908 397 1975 duo
413 1905 537 1974 ultima
553 1923 691 1975 tantum
709 1906 817 1975 verba
830 1905 1071 1996 Euphorionis
1089 1905 1224 1997 petivit.

193 2047 225 2112 3.
253 2044 373 2110 Καπνὸν
388 2062 421 2114 et
434 2045 535 2136 λιγνὺν
562 2062 663 2136 poeta
681 2045 790 2114 artius
813 2044 926 2136 iungit
943 2044 979 2128 in
995 2068 1101 2113 verss.
1122 2045 1228 2135 293l4

190 2171 265 2237 ἀλλ’
287 2179 326 2248 ὡς
351 2175 490 2263 μέλισσαι
514 2174 748 2265 συμπεφυρμένον
777 2179 880 2255 καπνῷ

190 2297 241 2364 καὶ
269 2300 386 2390 λιγνύος
411 2303 573 2390 ῥιπαῖσιν·
600 2322 680 2369 curn
710 2298 841 2388 quibus
871 2298 987 2368 verbis
1017 2297 1136 2373 confer
1154 2297 1227 2365 Eu·

99 2411 295 2499 phorionea
310 2412 447 2500 (fragm.
464 2415 524 2503 60)
538 2412 638 2505 λιγνὺν
656 2404 689 2478 δὲ
705 2409 868 2501 ψολόισσοιν
886 2403 1044 2485 σίϊδνκίιντοί
1056 2437 1088 2478 τε
1099 2409 1223 2476 καπνόν.

188 2535 521 2622 4..Insolentiorem
556 2559 679 2607 vocem
715 2531 828 2630 πέριριξ
864 2539 1053 2628 Lycophro
1088 2536 1227 2627 primus

97 2650 142 2717 de
192 2648 312 2718 anima
357 2650 546 2718 hominurn
595 2668 710 2719 morte
760 2651 1009 2721 defunctorum
1057 2649 1227 2740 intellegit

97 2785 131 2828 v.
163 2765 264 2832 1106.
290 2765 572 2854 Agamemnonis
589 2765 694 2857 οἰκτρὰ
718 2757 751 2831 δὲ
766 2759 880 2859 πέγιριξ
895 2765 1036 2858 Ταίναρον
1053 2757 1228 2856 πτερύξεται

97 2892 190 2942 etv.
219 2876 288 2944 686
314 2875 433 2944 ἀκούσει
465 2877 541 2948 κεῖθι
567 2878 723 2970 περιρίγων
746 2879 806 2951 ὅπα
837 2882 961 2952 λιπτιῐν.
995 2879 1084 2950 Item
1105 2878 1222 2966 Euph.

98 2987 239 3079 (fragm.
265 2991 344 3080 76);
375 2983 522 3063 ἠπεδανὸν
550 2993 695 3085 πέριριες
722 2977 911 3085 ἐπιτριίζονσι
933 2993 1069 3066 θανόντα.

188 3129 219 3194 5.
249 3127 407 3218 Uterque
437 3147 539 3219 poeta
570 3129 722 3200 formam
760 3123 887 3223 ,ὕδροςι
922 3131 952 3199 ei
988 3153 1078 3220 quae
1112 3129 1226 3198 multo

97 3239 259 3308 usitatior
285 3259 336 3309 est
361 3234 467 3334 ,ὕδριύ
495 3243 678 3335 praetulit3
706 3243 763 3312 ille
786 3244 829 3312 de
854 3245 1006 3312 dracone
1029 3243 1073 3311 ab
1097 3243 1226 3312 Jasone

98 3370 265 3441 superato
281 3355 410 3441 (1313),
430 3355 484 3425 hic
500 3357 543 3425 de
560 3356 681 3446 vipera
698 3356 839 3426 Munito
854 3355 999 3425 exitiosa
1015 3356 1223 3446 (fragm.55).

188 3493 221 3560 6.
251 3492 395 3562 Primus
417 3497 605 3587 Lycophro
624 3486 736 3578 ,δάνοῴ
755 3517 845 3585 quae
861 3518 929 3563 vox
944 3493 1102 3585 genuino
1119 3515 1224 3562 sensu

95 3606 271 3695 significat
294 3609 438 3698 χρήματα
469 3608 517 3673 ἐπὶ
550 3609 651 3684 τόκοις
682 3599 875 3700 δανιιζόριενα
905 3608 973 3694 (vel
1007 3608 1161 3694 usuras),
1189 3622 1228 3676 ut

97 3719 226 3809 legitur
249 3719 285 3788 in
311 3720 401 3790 Call.
421 3722 529 3813 epigr.
548 3745 606 3814 47.
626 3722 715 3791 Wii.
743 3722 990 3813 interpretatus
1014 3738 1065 3790 est
1091 3712 1223 3812 ,ione

187 3861 239 3929 Ite
273 3862 338 3929 hoc
370 3879 448 3932 ante
487 3885 569 3931 eum
610 3862 764 3931 insolens
813 3860 1028 3930 vocabulum
1067 3861 1226 3950 quinque

94 3975 180 4043 locis
211 3975 364 4044 occurrit
389 3976 434 4064 (in
463 3977 624 4046 versibus
643 3978 724 4068 269,
752 4001 834 4066 710,
861 3978 945 4066 887,
979 3975 1078 4065 1269,
1110 3975 1225 4064 1381),

96 4111 178 4159 curn
210 4106 262 4158 ter
287 4080 409 4179 ,δῶρον
442 4108 601 4183 usurpet.
633 4092 712 4159 Jam
746 4089 931 4179 Euphorio
962 4088 995 4157 in
1021 4089 1145 4178 fragm.
1172 4112 1225 4179 -90

383 4217 419 4282 τό
445 4218 480 4308 ῥοί
502 4218 529 4284 οἱ
552 4210 639 4293 δοίνος
666 4218 782 4286 ὤπασεν
805 4216 937 4301 Ἕκτωρ,
