2876 4700
662 219 905 292 „1ss-

271 392 453 462 ·‘-Helena
487 393 593 484 igitur
623 394 844 486 Iphigeniam
881 396 994 465 sorori
1029 397 1153 478 dedit,¹
1180 414 1219 465 ut
1252 401 1343 487 Aga·

223 506 413 576 memnoni
455 519 681 600 supponeret.
743 507 817 597 Qui
858 520 958 578 suam
1006 531 1080 580 esse
1125 531 1203 580 eam
1248 517 1344 576 ratus

224 623 405 692 Braurone
435 645 515 693 cum
548 621 770 706 sacrificaret,
803 624 917 694 Diana
949 625 1201 696 ursa-subdita
1232 621 1344 692 serva·

224 736 272 803 vit
302 753 407 828 atque
430 737 533 806 deam
560 735 651 806 fecit.
678 736 837 826 Sepulcri
860 756 978 808 autem
1005 738 1094 828 eius,
1117 739 1213 830 quod
1235 723 1346 806 B'rau

223 871 308 919 rone
348 851 623 936 ostendebatur,
663 851 849 941 Euphorio
890 871 929 922 ut
952 851 1082 945 antaplon
1115 855 1165 940 (h.
1198 875 1230 921 e
1265 877 1346 918 κενο-

219 964 337 1056 ταρίου)
392 987 529 1036 memor
576 984 640 1050 est,
684 966 786 1034 cuius
838 965 886 1036 rei
937 965 1180 1038 testimonium
1235 967 1345 1037 schol.

221 1080 404 1171 Aristoph.
440 1081 523 1172 Lys.
561 1081 631 1169 645
670 1081 800 1150 subest.
833 1081 861 1146 οἱ
887 1073 978 1147 δὲ
946 1107 987 1148 τα
1017 1080 1081 1174 περὶ
1118 1081 1285 1172 Ἰφιγένειαν
1320 1086 1348 1146 ἐν

222 1195 366 1286 Βραυρῶνί
392 1219 492 1286 φασιν,
522 1199 576 1262 οὐκ
605 1199 634 1261 ἐν
661 1188 769 1261 Αὐλίδι
795 1219 802 1233 ·
831 1196 1007 1288 Εὐφορίων·
1033 1195 1179 1287 ἂγγίαλον
1193 1203 1348 1288 Βραυρῶνα

220 1310 348 1400 κενιίριον
386 1305 563 1400 Ἰφιγενείας.
594 1311 649 1395 (81
681 1310 746 1396 M.)
765 1300 850 1376 doreti
883 1301 918 1376 δὲ
954 1308 1151 1400 Ἀγαρίρνίυν
1180 1310 1345 1400 σφαγιάσαι

219 1423 274 1492 τὴν
317 1419 483 1512 Ἰφιγένειαν
519 1423 547 1487 ἐν
579 1427 736 1512 Βραυρῶνι,
771 1423 824 1487 οὐκ
859 1425 887 1488 ἐν
917 1415 1026 1488 Αὐλίδι
1055 1421 1106 1488 καὶ
1138 1419 1246 1514 ἄρκτον
1275 1421 1347 1487 ἀντ’

222 1542 325 1611 αὐτῆς,
356 1535 410 1600 οὐκ
431 1535 550 1625 ’ἔλαφον
577 1543 711 1624 φανῆναι,
743 1533 806 1600 ὅθεν
839 1537 985 1626 μυστήρια
1013 1531 1132 1616 ἄγουσιν
1163 1537 1252 1625 αὐτῇ.

218 1691 220 1696 ,
311 1645 367 1714 31.
394 1649 602 1740 Τυρφρηστός,
621 1669 702 1736 pars
735 1646 841 1716 Pindi
878 1647 1022 1728 montis,
1056 1649 1213 1738 primuni
1245 1651 1342 1740 apud

220 1761 492 1853 Lycophronem
524 1760 665 1830 obviant
699 1761 746 1830 fit.
772 1782 843 1849 420
869 1764 1064 1855 Τυρρρηστὸν
1090 1763 1216 1854 αὐγάσαι
1234 1765 1341 1840 λέπας.

218 1893 252 1942 et
280 1897 348 1967 90²
390 1875 495 1967 πάγων
535 1875 759 1968 Τυρρρηστίων.
805 1877 989 1968 Euphorio
1030 1879 1155 1970 fragm.
1190 1880 1236 1967 84
1268 1892 1344 1945 Βον-

218 1992 330 2054 aaaron
360 1982 521 2082 Τρηχινίδα
547 1999 757 2084 Τογιρρηστοῖο
786 1991 911 2069 otia-hg.l

310 2103 365 2172 32.
403 2103 452 2174 Ut
490 2084 677 2197 Lycropho
710 2107 833 2190 multa,
867 2129 957 2197 quae
987 2107 1029 2176 ad
1067 2108 1198 2176 bellum
1231 2107 1344 2178 Grae-

218 2240 342 2287 corum
371 2242 451 2288 cum
489 2220 655 2290 Troianis
695 2239 833 2314 gestum
870 2239 1038 2313 spectant,
1074 2222 1265 2314 singularia
1302 2247 1345 2292 ac

218 2350 351 2427 remota
380 2334 526 2424 profert,
559 2335 605 2404 ita
635 2335 903 2426 Euphorionem
935 2359 1077 2426 quoque
1109 2335 1343 2406 multifariam

219 2451 302 2518 haec
342 2467 547 2541 argumenta
581 2467 746 2520 tractasse
780 2469 840 2520 aut
873 2469 965 2520 certe
1002 2451 1157 2542 tetigisse
1197 2474 1215 2519 e
1250 2451 1346 2542 frag·

217 2561 345 2630 mentis
376 2579 532 2652 apparet.
568 2562 791 2634 Stesichorus
823 2566 1015 2634 Hectorem
1035 2563 1212 2653 Apollinis
1229 2564 1346 2635 filium

216 2676 424 2746 nominavit.
461 2679 513 2748 De
549 2679 738 2768 Hectore
730 2680 836 2769 igitur
858 2679 1058 2750 Cassandra
1086 2681 1346 2774 Lycophronea

217 2795 489 2906 lamentaturv.
522 2795 602 2890 265.

248 2962 250 2969 ι
322 2908 373 2972 τὸν
401 2885 546 2998 ρίλτοιτοίν
575 2933 627 2974 σου
658 2934 718 2974 των
745 2907 919 3001 ἀγαστόρων
949 2910 1049 3001 τρόφιν

323 3024 428 3106 Πτῴου
460 3045 493 3086 τι
521 3024 631 3114 πατρὸς
660 3022 866 3112 (Apollinis)
896 3023 1029 3114 ἁρπάσας
1058 3024 1224 3115 ρατοίρσιον.

304 3135 472 3231 Testibus
519 3137 629 3204 schol.
676 3138 761 3228 Lyc.
807 3137 876 3206 266
919 3154 952 3205 et
996 3137 1104 3206 schol.
1145 3137 1238 3206 ‘Ven.
1281 3140 1342 3207 ad.

218 3249 257 3316 ll.
279 3248 348 3336 314
367 3282 403 3306 =
432 3249 482 3316 M.
502 3247 629 3342 fragm.
662 3243 750 3318 νιὲι.ι
764 3249 951 3342 Euphorio
975 3271 1120 3340 quoque
1147 3252 1341 3320 Hectorem

215 3361 335 3430 divina
369 3361 505 3452 origine
535 3380 656 3431 natum
686 3363 831 3432 effinxit.

305 3475 361 3543 33.
399 3476 498 3544 Idem
540 3475 761 3548 Stesichorus
791 3476 932 3548 Ulixem
965 3476 998 3544 in
1032 3493 1130 3544 scuto
1158 3476 1340 3567 delphinis
1411 3479 1412 3526 l

215 3589 354 3680 signum
393 3590 539 3682 gessisse
579 3593 744 3661 narravit.
786 3591 870 3681 Qua
910 3607 990 3659 nota
1029 3591 1217 3681 Lycophro
1251 3614 1338 3660 eum

214 3725 245 3768 ν
265 3703 333 3771 658
358 3702 463 3771 nobis
479 3721 727 3811 repraesentat
747 3697 960 3814 διλρινόσηριον
977 3709 1084 3768 κλῶπα
1107 3702 1242 3780 Φοινίκης
1256 3703 1336 3782 θεᾶς

215 3818 362 3889 Scutum
400 3797 522 3892 Ulixes
555 3820 618 3888 hac
651 3803 778 3910 figura
795 3823 960 3887 ornatum
986 3819 1169 3908 Euphorio
1189 3803 1337 3910 quoque
1411 3811 1412 3870 Ῠ

283 4059 404 4132 ¹Apud
438 4003 631 4115 Parthenium
662 4059 777 4135 (fragm.
809 4061 859 4132 45)
888 4090 922 4100 —-
954 4058 984 4114 in
1016 4056 1076 4114 fine
1105 4055 1268 4114 hexametri
1300 4091 1336 4099 —

211 4146 398 4224 Τομρρήστιον
420 4138 678 4218 atmgtegitun·
717 4162 721 4170 “
1193 4151 1195 4156 ¹
1274 4154 1276 4158 Ι
1411 4163 1412 4170 ¹
