2824 4700
644 251 892 399 -3-224

204 470 317 518 novus
341 448 465 519 titulus
490 447 634 534 accedit,
659 447 722 540 qui
740 447 863 518 verbis
880 448 1056 538 corruptis
1080 447 1148 515 α’ίνιν
1166 427 1317 520 εδηλίοισιι

203 565 297 647 latet.
322 587 413 656 quae
437 565 601 662 leguntur
624 563 659 634 in
683 564 824 634 du'obus
848 563 1030 634 codicibus
1053 564 1165 634 schol.
1184 564 1314 638 Phoen.
1391 613 1392 616 ι

205 677 329 769 Eurip.
360 678 427 766 (ed.
455 665 647 766 Scb'wartz)
671 699 704 746 v.
731 675 799 746 682
826 675 887 746 cir.
914 668 1201 767 M.'sragm.48‚
1229 674 1318 765 apud
1391 719 1392 722 =

203 813 311 882 quem
326 792 432 862 verba
462 790 522 862 illa
546 792 683 862 desunt.
710 782 849 857 δεδόσθαι
871 788 928 885 γὰρ
942 787 1005 869 τὰς
1028 792 1132 875 Θήβας
1154 798 1193 884 τῇ
1216 801 1318 881 Περσε-

202 906 302 998 φονείσρ
324 907 382 973 ὑπὸ
405 916 458 974 τοῦ
480 907 545 984 Διὸς
568 905 815 996 ἀναααλυπτιίρια
835 908 973 998 λέγεται,
999 910 1039 983 ὡς
1061 903 1207 997 Εὐφορίων
1237 904 1258 970 ἅ
1265 927 1318 975 νιν

202 1021 450 1095 εὐηλίοισινῑ

290 1139 358 1204 ἀλλ’
382 1139 464 1203 οιίπω
486 1138 573 1230 Θήβη
597 1140 774 1229 πεπρωμίνα
797 1140 900 1202 κεῖτο*
923 1137 1070 1203 τάλαντα·

289 1253 344 1323 τήν
369 1249 406 1342 pt
427 1273 501 1316 ποτε
523 1241 666 1341 Κρονίδης
688 1240 779 1341 δῶρον
802 1249 873 1341 πόρε
896 1247 1095 1340 Περσεφονείῃ,

293 1365 324 1430 δν
347 1365 482 1457 γαμέτην
506 1366 558 1430 ὅτε
580 1370 694 1456 πρῶτον
719 1363 934 1437 ὀπωπιίσασθαι
957 1363 1081 1454 ἔμελλεν

289 1467 445 1570 νυμφιδίου
469 1475 595 1569 σπείροιο
618 1475 826 1568 παρακλίνασαι
849 1477 1032 1567 καλύπτρην.
1144 1539 1148 1544 .
1222 1487 1226 1495 “

292 1593 463 1664 Revertor
496 1589 539 1658 ad
564 1589 758 1674 chiliades,
788 1590 884 1680 quod
913 1611 1004 1680 opus
1029 1587 1157 1661 Suidas
1182 1585 1315 1654 affert:

198 1698 352 1784 Χιλιαίδες,
371 1707 434 1797 ἔχει
449 1696 483 1772 δὲ
498 1705 639 1772 ὑπόθεσιν
648 1703 686 1782 εἰς
705 1704 773 1782 τοὺς
787 1704 1047 1796 ἀποστερησαντας
1061 1703 1151 1770 αὐτὸν
1164 1704 1316 1794 χρίματα,

201 1817 221 1884 δι
235 1819 375 1912 παρέθετο
389 1825 429 1896 ὡς’
444 1810 530 1892 δίκην
545 1810 625 1885 δοῖεν
642 1819 697 1885 κᾶν
721 1819 758 1896 εἰς
784 1820 897 1912 μακράν
908 1845 916 1860 ·
929 1814 995 1888 εἶτα
1009 1819 1128 1910 συνάγει
1150 1808 1203 1889 διὰ
1216 1815 1319 1906 χιλίων

201 1937 277 1998 ἐπῶν
308 1932 458 2025 χρησμοὺς
481 1931 747 2009 αἰποτελισθέντας.
782 1931 836 1999 εἰσὶ
869 1924 902 2000 δὲ
931 1933 1038 2019 βιβλία
1066 1935 1092 2001 ε’.
1127 1933 1318 2023 ἐπιγράφεται

201 2039 266 2120 bet
285 2049 409 2139 πέμπτη
431 2045 533 2132 χιλιὰς
554 2047 619 2140 περὶ
640 2055 795 2140 χρησμῶν,
818 2053 858 2126 ὡς
870 2047 977 2129 χιλίων
992 2050 1069 2114 ἐπῶν
1092 2045 1316 2112 ἀποτελοῦνται.

202 2161 288 2250 Quo
312 2161 466 2231 carmine
499 2161 685 2253 castigatos
709 2160 816 2231 fuisse
841 2163 1002 2238 videmus
1027 2160 1189 2230 homines
1213 2181 1318 2249 quos·

200 2277 297 2360 darn,
330 2274 391 2366 qui
420 2291 544 2366 poetae
575 2298 630 2345 res
658 2275 730 2345 sive
760 2275 928 2366 pecunias
959 2298 1047 2366 quas
1079 2285 1203 2344 eorum
1238 2271 1317 2340 fidei

201 2386 424 2456 commiserat
447 2409 510 2478 per
532 2386 693 2456 fraudem
724 2408 794 2455 non
831 2387 1078 2457 restituissent.
1110 2392 1229 2477 Atque
1258 2407 1318 2475 op-

199 2503 287 2571 timo
311 2523 394 2571 casu
418 2501 637 2587 factumest,
663 2520 701 2571 ut
724 2524 846 2572 versus
870 2504 1035 2594 supersit,
1058 2503 1119 2595 qui
1138 2501 1319 2593 aptissime

200 2619 243 2686 ad
269 2619 358 2687 hanc
373 2637 449 2685 rem
472 2617 661 2708 pertineat:
693 2617 803 2695 ιὈιιτες
820 2644 872 2713 μευ
888 2621 1020 2704 κελέβην
1033 2609 1201 2703 Ἀλυβηίδα
1219 2624 1321 2709 μοῦνος

204 2732 331 2825 ἀπηύρα.
358 2732 497 2822 (fragm.
524 2733 572 2822 6),
598 2732 724 2803 citatus
749 2731 965 2823 aStephano
983 2736 1066 2822 Byz.
1085 2757 1112 2801 s.
1131 2755 1165 2800 v.
1191 2731 1317 2815 Ἀλύβη.

198 2849 265 2914 ἔστι
276 2845 328 2913 καὶ
352 2845 491 2930 Ἀλυβεὺς
514 2845 566 2912 καὶ
587 2844 739 2931 Ἀλυβηίς.
758 2847 903 2940 Εὐφορίων
918 2850 946 2914 ἐν
970 2843 1104 2930 ’aporici
1122 2847 1321 2938 Ποτηριοκλέ-

199 2987 273 3053 στρ.
299 2963 382 3038 ὅστις
404 2983 434 3028 η,
452 2985 491 3028 τ.
518 2961 549 3026 λ.
575 2961 715 3027 τουτέστι
737 2963 792 3034 την
806 2960 930 3053 ἀργυρᾶν
946 2955 1053 3028 διὰτδι
1078 2963 1228 3052 μέταλλα.
1257 2959 1319 3028 cir.

200 3075 306 3144 schol.
321 3074 499 3143 Theocrit.
514 3074 615 3143 112.:
632 3073 775 3167 Εὐφορίων
790 3077 819 3140 ἐν
830 3077 1088 3168 Ποτηριοκλέπτρῑ
1106 3075 1189 3149 ὅστις
1199 3097 1231 3140 ιι.
1245 3098 1276 3140 τ.
1289 3079 1319 3138 λ.

201 3188 276 3257 Iam
300 3186 439 3276 Alyben
465 3187 591 3256 urbem
624 3187 755 3258 idcirco
779 3189 898 3280 posuit
924 3187 1120 3279 Euphorio‚
1150 3205 1189 3255 ut
1213 3186 1322 3280 signi-

201 3303 330 3371 ficaret·
351 3300 438 3369 illud
471 3303 640 3392 poculum
675 3303 972 3393 pretiosissimum
1004 3303 1124 3388 fuisse,
1158 3303 1244 3392 quia
1283 3325 1322 3371 ea

101 3401 104 3403 i
201 3417 284 3485 urbs
309 3415 443 3506 argenti
468 3415 569 3506 copia
594 3415 798 3486 abundaret.
826 3417 1039 3508 (11.3857.)
1075 3417 1323 3507 Poculumque

200 3529 264 3599 tibi
283 3530 374 3620 finge
390 3550 472 3598 eum
496 3528 531 3597 in
548 3527 753 3599 universum
769 3552 834 3620 pro
851 3531 969 3616 rebus,
991 3552 1078 3621 quas
1097 3529 1165 3598 sibi
1184 3549 1322 3620 ereptas

201 3668 276 3714 esse
301 3643 580 3736 conquerebatur
604 3661 719 3737 poeta,
745 3647 925 3736 posuisse:
952 3667 1070 3716 nonne
1096 3647 1192 3716 idem
1214 3647 1319 3715 vides

201 3776 448 3850 argumentum
465 3759 560 3849 quod
577 3757 687 3831 Suida
704 3778 789 3829 teste
805 3752 952 3852 χιλιάδων
968 3761 1123 3831 carmine
1139 3762 1321 3830 tractavit?

203 3875 307 3946 Unde
317 3873 626 3964 sequiturcarmen
645 3873 731 3944 illud
750 3874 1165 3969 «αἰραῖῆποεηριοιιλέπτης»
1183 3895 1322 3966 partem

200 3990 306 4060 fuisse
331 3989 406 4058 eius
430 3989 546 4080 operis
563 4006 666 4081 atque
690 3993 779 4061 adeo
803 4008 917 4062 totum
940 3994 1072 4063 librum
1096 4015 1136 4062 ex
1161 3991 1322 4083 quinque

202 4104 270 4172 illis
294 4127 314 4172 a
339 4102 450 4176 Suida
474 4104 665 4175 nominatis
689 4106 855 4176 effecisse.
884 4109 1053 4198 Proprios
1078 4108 1173 4177 enim
1197 4108 1323 4178 titulos

201 4217 349 4308 singulis
375 4216 474 4286 libris
490 4217 622 4288 inditos
640 4219 760 4304 fuisse,
776 4221 830 4289 vel
846 4221 928 4290 inde
944 4222 1203 4312 cognoscimus,
1221 4225 1322 4312 quod
