2876 4700
539 251 773 324 ...17-

88 424 201 494 novit.
236 421 355 494 Schol.
389 423 473 514 Lyc.
506 421 576 491 658
596 453 634 480 =
659 421 710 492 M.
750 423 826 494 126.
859 425 1037 520 Στησίχορός
1067 454 1139 521 qast
1166 432 1219 498 τὸν

93 530 246 620 Ὀδυσσέα
278 536 326 605 ἐπὶ
361 545 415 616 τῆς
456 528 581 614 ἀσπίδος
612 538 704 628 ρίρειν
735 528 870 629 δελφῖνος
898 542 990 616 τύπον
1009 567 1016 581 ·
1035 543 1088 616 καὶ
1123 549 1219 636 Εὐρο-

89 651 158 742 ρίιον
189 649 298 743 ὁμοίως
327 652 426 736 τούτῳ
456 649 686 742 συμφθέγγεται.

180 779 238 867 34.
282 778 424 849 Bellum
465 776 638 870 Troicum
682 799 764 848 cum
808 781 970 852 nondum
1021 786 1217 873 exarsisset,

91 892 243 962 Hecuba
262 892 467 964 Alexandro
481 891 628 985 gravida
643 914 707 984 per
723 893 906 964 somnium
923 919 964 968 ex
987 915 1088 969 utero
1105 899 1217 972 facem

89 1010 146 1077 vel
185 1025 317 1078 torrem
348 1009 455 1098 [unde
492 1008 692 1080 Alexander
729 1011 925 1102 appellatur
959 1017 1059 1106 γρυνός
1086 1037 1121 1085 ν.
1156 1017 1215 1102 86,

94 1122 184 1192 1362
197 1140 259 1192 aut
275 1121 472 1213 ριτρόςριδ]
495 1121 763 1212 provenientem
783 1123 873 1195 vidit
892 1143 1074 1219 totamque
1089 1130 1213 1200 urbem

87 1234 352 1326 corripientem.
380 1235 432 1306 De
448 1257 518 1326 qua
536 1255 572 1305 re
590 1235 718 1305 certior
730 1235 840 1307 iactus
857 1239 1024 1310 Priamus
1041 1247 1216 1314 Aesacum

87 1368 220 1435 vatem,
246 1369 354 1440 quem
385 1347 582 1450 ex'Arisbe
615 1347 733 1439 priore
757 1350 907 1441 coniuge
940 1355 1142 1439 sustulerat,
1173 1356 1217 1425 de

86 1480 255 1556 portento
270 1460 458 1532 consuluit.
488 1462 614 1552 Neque
630 1478 748 1531 tamen
766 1485 847 1532 cum
863 1464 920 1535 ille
947 1485 1097 1537 matrem
1112 1485 1217 1560 atque

88 1577 259 1648 infantem
277 1576 506 1668 perimendos
521 1597 595 1646 esse
612 1575 942 1667 respondisset,rex
958 1581 1052 1651 dicto
1070 1582 1217 1652 audiens

87 1692 169 1760 fuit.
197 1691 296 1761 Haec
320 1708 466 1761 testatur
497 1691 701 1782 Lycophro,
726 1691 787 1780 qui
814 1692 952 1782 primus
979 1696 1065 1764 vatis
1089 1697 1215 1767 Aesaci

87 1807 304 1876 memoriam
328 1805 492 1889 servavit,
519 1793 624 1874 versu
650 1825 719 1892 2²4
743 1827 840 1896 seqq.

200 1937 240 2025 μὴ
270 1924 299 1999 δ’
328 1931 492 1999 Αἰσακείων
521 1933 612 2024 οὑμὸς
643 1932 751 2024 ὤφελεν
780 1937 879 2025 πατὴρ

197 2053 340 2140 χρησμῶν
370 2045 489 2112 ἀπῶσαι
515 2043 691 2136 νυκτίροιτα
721 2036 862 2137 δείματα,

200 2165 255 2252 μιᾷ
285 2152 319 2227 δὲ
348 2156 455 2252 κρύψαι
486 2158 553 2234 τοὺς
583 2149 707 2236 διπλοῦς
735 2161 806 2252 ὑπὲρ
835 2161 949 2251 ποίτρας

201 2275 301 2366 μοίρᾳ,
333 2275 481 2366 τεφρώσας
510 2272 758 2365 γυῖα-Λημναίῳ
786 2274 865 2366 πυρί.

200 2397 253 2459 οὐκ
282 2389 316 2454 διν
343 2378 475 2454 τοσῶνδε
505 2386 582 2479 κῦμ’
611 2389 774 2454 ἐπέκλυσεν.
796 2393 909 2456 κακιῖιν.

157 2531 278 2636 ΥΕυιιι
303 2532 368 2610 hoc
392 2531 535 2599 oraculo
571 2529 644 2599 noli
679 2528 894 2601 confundere
924 2506 1088 2617 alterum,
1118 2535 1215 2624 quod

85 2646 275 2737 quondam
300 2644 473 2735 accepisse
498 2642 685 2712 Priamum
706 2642 836 2712 serunt.
869 2641 989 2713 Schol.
1013 2646 1097 2737 Lyc.
1132 2647 1212 2738 319.

86 2762 224 2852 Πριάμου
250 2759 419 2850 χρειομίνου
447 2759 476 2822 ἐν
504 2756 606 2844 Ζελείᾳ
632 2755 698 2848 περὶ
727 2765 781 2857 τῆς
806 2757 958 2841 βασιλείας
984 2760 1110 2852 ἐχρήσθη
1134 2769 1218 2846 αὐτῷ

85 2876 202 2940 ἀνελεῖν
229 2876 283 2946 τὴν
314 2870 418 2938 νεωστὶ
446 2876 600 2937 τετοκυῖαν
629 2870 681 2936 καὶ
709 2873 746 2937 τὸ
776 2871 919 2962 γεννηθέν.
954 2874 1043 2964 ἔτυχε
1072 2867 1105 2941 δὲ
1126 2881 1145 2948 ἡ
1165 2876 1218 2969 μὲν

82 2990 210 3072 ’Ἑκάβη
247 2995 375 3054 τεκοῦσα
410 2986 462 3052 τὸν
507 2976 711 3076 Ἀλέξανδρον,
745 2990 763 3058 u'
793 2976 826 3052 δὲ
853 2984 956 3052 Κίλλα
996 2991 1106 3076 (soror
1138 2991 1216 3060 He·

83 3103 203 3188 cubes)
231 3105 282 3167 τὶν
310 3101 493 3166 Μοίνιππον.
529 3100 699 3191 φεισάμενος
726 3095 774 3165 οὖν
798 3109 852 3177 τῆς
879 3101 1007 3186 Ἐκοίβης
1035 3103 1133 3170 ἀνεῖλε
1162 3107 1217 3178 τὴν

81 3216 207 3284 Κίλλαν
239 3213 290 3281 καὶ
319 3217 373 3316 τὴν
410 3207 509 3281 παῖδα
547 3215 637 3291 αὒτῆς
675 3199 858 3281 Μοίνιππον.
900 3217 997 3286 Haec
1028 3234 1067 3287 ut
1107 3219 1218 3309 ipsius

81 3348 215 3423 poetae
251 3328 367 3398 verbis
407 3328 623 3412 collustrem,
655 3326 728 3397 fore
764 3327 811 3397 ait
835 3349 867 3396 ν.
910 3328 977 3398 318
1003 3330 1154 3402 Laodice
1180 3350 1218 3401 ut

81 3443 257 3534 voragine
280 3460 392 3511 terrae
417 3440 665 3509 absorberetur
693 3438 757 3524 ibi,

179 3571 218 3636 ἵν’
248 3568 334 3661 α”λμα
360 3570 485 3635 ποίππου
514 3568 565 3634 καὶ
592 3560 779 3662 χαμευνοίδος
807 3569 891 3660 μόροι

180 3696 235 3762 τῆς
256 3683 457 3776 λαθρονιίμρου
487 3681 626 3772 (Cillae)
654 3682 773 3774 πόρτιος
797 3685 973 3775 μεμιγμένοι

107 3859 115 3876 ‚
164 3787 303 3892 ’σκιίμνῳ
330 3795 534 3887 (Munippo)
558 3799 711 3887 κέχυνται,
742 3795 808 3888 πρὶν
829 3791 1015 3888 λαριίξασίαι
1045 3797 1146 3888 γάνος,

180 3913 246 4004 πρὶν
275 3914 311 3978 ἐκ
330 3910 450 4003 λοχείας
476 3917 548 4003 γυῖα
574 3917 729 4002 χυτλῶσαι
759 3903 867 4003 δρόσῳ.

180 4067 293 4151 Tene,
311 4088 456 4156 quaeso,
473 4066 621 4134 alterum
634 4067 701 4134 hoc
714 4067 899 4134 oraculum
918 4065 1063 4136 Priamo
1079 4066 1216 4135 editum
1319 4111 1320 4114 =

74 4199 171 4279 post
195 4197 338 4270 partum
369 4178 505 4248 exitiosi
530 4179 660 4247 Troiae
685 4177 828 4247 infantis
858 4195 892 4248 et
916 4201 988 4248 non
1013 4179 1057 4248 ab
1081 4181 1217 4248 Aesaco

1094 4305 1111 4361 2
