2876 4700
679 291 921 370 ...28..ν

235 466 354 556 risque
382 487 464 536 eum
495 465 691 536 colentibus
706 465 859 537 assidue·
876 467 920 536 ad
943 465 1137 536 lanificium
1162 465 1238 536 sese
1260 485 1351 557 'app-

234 576 343 647 licant
374 578 424 647 IV
465 580 596 666 1-543
638 577 674 648 in
713 600 785 669 quo
824 599 934 670 opere
961 595 1101 669 tempus
1134 578 1352 649 sermonibus

233 693 400 778 trahunt,
439 714 521 762 curn
553 693 705 764 una-de
736 692 885 786 Pyrami
913 692 1139 790 Thisbesque
1168 691 1280 776 fatis,
1316 692 1351 758 55
1407 715 1408 760 3

241 806 328 890 165,
362 805 469 876 altera
509 797 561 876 de
596 803 690 878 Solis
713 787 901 878 artioribus
948 805 1141 897 roo—270,
1181 803 1283 874 tertia
1317 803 1352 868 de

232 920 390 994 Salmaci
415 920 542 990 referat
566 920 763 1011 ιρι-388.
803 919 880 992 lam
905 919 1059 992 Ovidius
1071 919 1258 1011 -quomodo
1281 917 1352 985 illae

232 1057 256 1102 a
285 1032 351 1102 deo
381 1031 469 1103 irato
511 1055 644 1123 poenas
684 1054 806 1124 passae
848 1033 940 1116 sint,
969 1033 1121 1126 ‚exponit
1162 1032 1349 1124 389-415.

235 1148 312 1217 Nec
343 1169 426 1216 vero
448 1147 544 1218 luno
577 1145 777 1238 potentiam
802 1147 839 1218 in
866 1147 941 1218 dies
966 1165 1179 1218 crescentem
1203 1144 1349 1238 privigni

235 1259 342 1330 invisi
374 1259 503 1351 perfert
533 1278 568 1332 et
597 1282 642 1330 ne
673 1261 717 1330 ab
753 1261 813 1330 illo
852 1277 1056 1354 superetur,
1093 1260 1196 1330 malis
1235 1257 1351 1330 domui

232 1374 414 1445 Cadmeae
454 1374 624 1470 inflictis,
646 1374 731 1466 quid
762 1376 838 1466 ipsa
869 1374 994 1460 valeat,
1020 1374 1131 1466 aperit
1154 1372 1346 1462 ανδ-603.

232 1487 306 1559 Sed
337 1489 420 1558 nolo
446 1487 482 1560 iu
516 1487 736 1562 his'diutius
767 1469 1000 1558 commorari:
1036 1489 1071 1558 in
1102 1488 1194 1557 libro
1227 1487 1350 1579 primo·
1409 1481 1410 1514 ³

232 1603 280 1670 ad
310 1604 376 1671 hoc¹
407 1601 502 1672 enim
531 1602 662 1687 tendo,
695 1601 866 1696 Pythium
897 1602 1087 1693 draconem
1117 1601 1161 1670 ab·
1190 1583 1348 1690 Apolline

235 1732 463 1806 peremptum
490 1738 565 1784 esse
591 1715 719 1802 tradit3
749 1716 792 1785 ad
819 1716 921 1785 cuius
947 1715 1028 1784 sacti
1054 1713 1264 1784 memoriam
1288 1713 1350 1802 Py-

235 1829 330 1900 thios
361 1829 463 1900 ludos
494 1829 712 1899 sollemniter
741 1830 983 1906 institutosv.
1019 1831 1102 1916 448.

362 2037 492 2111 Vicerat,
512 2040 665 2100 aesculeae
685 2039 824 2114 capiebat
842 2039 957 2098 frondis
977 2039 1134 2096 honorem.

359 2123 500 2182 Nondum
519 2123 623 2182 laurus
642 2134 729 2192 erat,·
749 2124 895 2202 longoque
913 2123 1047 2181 decentia
1066 2123 1150 2180 crine

363 2205 512 2282 Tempora
531 2204 670 2284 cingebat
688 2207 724 2264 de
741 2207 872 2283 qualibet
890 2207 999 2263 arbore
1016 2203 1161 2263 Phoebus.

362 1955 417 2012 His
436 1954 581 2013 iuvenum,
599 1954 782 2030 quicumque
802 1973 895 2013 manu
914 1953 1075 2030 pedibusve
1096 1966 1197 2010 rotave

326 2340 481 2414 Ultimos
518 2357 633 2410 autem
676 2362 799 2410 versus
836 2340 882 2409 ob
921 2362 1000 2409 eam
1036 2362 1176 2409 causam
1217 2337 1348 2414 adiecit,

233 2471 275 2522 ut
298 2471 421 2545 aptum
446 2451 514 2522 sibi
540 2453 582 2522 ad
609 2453 784 2544 Daphnen
810 2453 934 2523 arbore
964 2453 1021 2522 illa
1047 2476 1088 2522 ex
1118 2433 1179 2521 illo
1201 2470 1350 2542 tempore

231 2567 302 2636 deo
336 2589 433 2636 sacra
463 2566 748 2639 transformatam
772 2566 958 2635 transitum
984 2565 1121 2636 faceret.
1157 2561 1350 2652 452-568,

232 2681 330 2754 Cum
356 2683 410 2751 his
433 2681 548 2750 verbis
576 2681 829 2772 Eupltorionea
854 2680 1050 2772 comparari
1080 2679 1185 2749 velim
1205 2679 1238 2748 in
1266 2677 1350 2766 frag·

235 2791 337 2867 ment
365 2818 421 2887 47.

323 2924 484 3014 Κλαίοντεζ
510 2928 545 3006 δέ
566 2959 601 3002 τι
632 2942 733 3026 κοῦρον
764 2933 815 3000 ἐπ’
844 2933 1001 3026 ἀρχάιλοις
1029 2936 1181 3001 τιτάεσσιν

322 3051 481 3130 κάτθεσαν,
515 3051 624 3122 ὁκκότε
653 3041 690 3123 ll
717 3050 866 3142 στεφάνων
899 3046 997 3127 ἄθλοις
1019 3053 1182 3142 φορέονται.

323 3167 356 3229 οὐ
380 3164 437 3256 γάρ
467 3189 515 3230 πω
547 3169 673 3256 τρηχεῖα
702 3166 782 3248 λαβὴ
814 3165 1010 3256 κατεμήσατο
1040 3170 1144 3255 χειρῶν

323 3282 427 3356 Μάνης
455 3268 553 3343 παῖδα
582 3279 704 3370 χάρωνα
729 3276 804 3369 παρ’
840 3257 976 3344 Ἀσωποῦ
993 3255 1169 3369 ’γενετείρῃ

324 3384 405 3468 ἐξότε
433 3388 530 3457 πυκνὰ
555 3393 657 3458 σέλινα
686 3389 767 3460 κατὰ
797 3391 951 3483 κροτάφων
980 3392 1138 3477 ἐβάλοντο.
1159 3395 1175 3437 ·¹

306 3651 318 3692 1
338 3649 433 3706 Verba
454 3666 470 3706 e
491 3649 531 3706 M.
551 3648 739 3706 correctione
758 3648 890 3722 exhibui,
911 3638 968 3706 nisi
987 3650 1072 3724 quod
1086 3668 1112 3706 v.
1133 3668 1142 3704 1
1166 3664 1220 3722 pro
1240 3646 1282 3709 ἐπ’
1305 3641 1353 3704 ὑπ’

210 3807 213 3814 ,
231 3740 395 3814 legendum
409 3739 474 3796 erit.
491 3737 628 3812 (Kaibel).
646 3739 808 3816 ικλαίσντες
824 3757 881 3798 sc.:
898 3739 1075 3797 Donaciuus
1089 3752 1119 3796 et
1130 3737 1352 3814 Amphilochus,

233 3846 313 3904 quos
335 3827 505 3887 Melicertae
535 3846 646 3904 corpus
675 3830 737 3888 sive
756 3829 898 3887 fluctibus
918 3830 1018 3888 'littori
1037 3831 1196 3906 appulsum
1217 3829 1278 3888 sive
1298 3825 1354 3890 del·

235 3913 329 3989 phiuo
358 3913 389 3970 in
414 3930 498 3971 oram
528 3913 659 3971 delatum
678 3915 778 3986 (Paos.
800 3915 827 3970 ll
851 3919 875 3985 r)
904 3915 1025 3972 iubente
1051 3913 1182 3988 Sisypho
1210 3910 1356 3970 sustulisse

234 4009 362 4058 testatur
389 3998 481 4056 schol.
511 3997 597 4057 Pind.
629 3999 732 4057 lsthm.
753 4018 781 4073 p.
803 3999 868 4071 515,
892 3999 924 4056 13
941 4001 964 4056 B
981 3999 1031 4056 kh.
1063 3998 1237 4056 Melicertae
1256 4008 1356 4068 corpus

236 4081 397 4155 appulsum
435 4097 504 4137 curn
541 4078 606 4138 tolli
641 4079 779 4146 iussisset
815 4080 973 4157 Sisyphus,
1003 4079 1198 4138 Isthmiorum
1225 4079 1356 4137 ludorum

236 4163 458 4221 solemnitatem
486 4163 538 4220 uni
565 4163 662 4220 adhuc
691 4165 834 4239 Neptuno
862 4178 1080 4234 consecratam,
1109 4164 1149 4221 ita
1174 4161 1312 4232 instituit,
1331 4169 1357 4212 ur

242 4242 427 4302 Melicertam
447 4246 478 4302 iu
498 4245 632 4303 eiusdem
653 4245 778 4303 honoris
799 4246 972 4304 societatem
994 4247 1192 4304 admitterer»
1215 4247 1256 4302 M.
