2824 4700
506 270 751 344 «47...

1 519 2 542 3
153 448 186 517 6.
215 449 303 520 Pars
336 447 590 541 μιταμορρώσιοιν
622 444 739 534 operis
771 444 963 515 Nicandrei
995 445 1187 522 «Ὑάκινθος»

56 561 208 654 speciali
243 562 346 633 titulo
384 561 522 636 citatur.
584 557 631 630 0.
672 557 858 642 Schneider
891 550 972 652 pag'.
1013 562 1071 648 45.
1137 561 1189 629 lta

1 663 2 700 ³
58 675 308 767 Euphorionis
350 689 493 745 carmen
535 673 663 743 eodem
695 673 797 742 titulo
846 672 1024 743 munitum
1059 691 1182 758 exstat,

54 790 162 880 quod
191 774 285 860 haud
315 789 387 860 scio
427 811 471 858 an
501 787 646 858 maioris
680 787 866 858 cuiusdam
904 787 983 860 libri
1016 787 1188 878 particula

53 903 179 974 fuerit.
229 903 420 978 Summam
456 901 654 994 argumenti
691 901 842 972 eandem
880 900 990 972 fuisse
1014 898 1087 972 non
1121 921 1187 987 est,

54 1038 126 1086 cur
154 1017 338 1108 explicem.

140 1153 181 1220 ¹7.
206 1132 263 1206 De
293 1145 407 1200 morte
435 1128 745 1219 catasterismoque
770 1127 919 1199 Orionis
946 1129 1048 1220 plura
1081 1151 1189 1219 expo-

52 1243 173 1312 suisse
200 1243 474 1334 Euphorionem
500 1263 608 1332 supra
632 1241 923 1312 commemoravi.
953 1244 1035 1312 Huc
1059 1231 1211 1314 referre

1 1349 2 1422 l
53 1357 140 1427 licet
163 1379 321 1442 versum,
347 1357 408 1448 qui
439 1359 477 1426 in
502 1355 611 1425 schol.
639 1357 682 1425 ad
705 1357 784 1426 Nic.
808 1354 916 1426 Ther.
946 1357 1076 1448 legitur
1092 1359 1182 1448 (aa):

51 1473 291 1552 κονηλσιτέοντος
327 1469 394 1537 ἀντὶ
421 1479 475 1538 τοῦ
507 1479 731 1562 κννηγιτοῦτος,
761 1475 800 1548 ὡς
831 1467 995 1562 Εὐρορίῳνε
1028 1473 1110 1556 αὐτῷ
1138 1471 1190 1537 σὺν

1 1631 2 1672 ρ
52 1590 210 1676 τελαμῶνι
231 1586 387 1676 νεοτμήτῳ
417 1584 475 1672 (63
500 1584 569 1671 M.)
610 1583 829 1675 lposautem
859 1606 998 1672 versus,
1029 1585 1072 1653 ad
1097 1607 1187 1676 quos

1 1681 2 1744 ἶ
53 1697 288 1788 explicandos
315 1699 501 1769 scholiasta
533 1701 617 1770 haec
647 1698 786 1784 adiecit,
819 1700 884 1771 hos
916 1698 1045 1772 habes:

150 1820 203 1879 τοῦ
236 1805 270 1879 δὲ
296 1813 382 1906 τέρας
409 1812 569 1906 τορίσημον
601 1813 656 1880 ὑπ’
678 1811 802 1904 ἀστέρας
831 1813 960 1892 ἀπλανὲς
988 1815 1098 1896 αὕτως,

80 1978 82 1982 .
151 1922 199 1993 οἷα
229 1929 461 2004 κονηλατέοντος
489 1920 620 1994 σἰείδελον
652 1929 837 2018 ἐστήρικται,

151 2035 312 2114 Verbum
349 2031 437 2112 illud
468 2043 668 2126 κυνολατέων,
710 2043 807 2132 quod
840 2042 875 2111 in
905 2064 1008 2111 versu
1041 2043 1188 2133 Eupho·

1 2155 3 2184 ¹
54 2158 186 2226 rioneo
217 2155 324 2225 fuisse
358 2155 545 2228 scholiasta
572 2155 717 2242 indicat,
750 2155 920 2246 quoniam
944 2156 980 2225 in
1004 2157 1187 2226 codicibus

1 2265 2 2348 l
54 2273 174 2355 deest,
204 2269 385 2340 Meinekio
417 2269 464 2339 ita
493 2283 636 2338 versum
665 2268 833 2360 refingere
864 2268 985 2356 visum·
1004 2288 1078 2340 est:

148 2390 229 2465 αὐτῷ
246 2382 297 2448 σὺν
314 2388 466 2476 τελαμῶνι
483 2385 670 2464 κυνηλατέῳν
689 2385 856 2473 νεοτμήτῳ.
877 2383 948 2456 Sed
964 2405 1047 2452 curn
1064 2407 1187 2455 versus

1 2501 2 2586 l
52 2497 122 2566 iste
149 2497 300 2566 metricis
334 2496 575 2588 Euphorionis
610 2497 746 2590 legibus
782 2520 853 2567 non
885 2482 1050 2578 sufficiat,
1078 2501 1186 2571 verba

50 2611 100 2680 ab
129 2609 189 2681 illo
207 2634 269 2702 per
283 2598 373 2680 duos
391 2635 512 2682 versus
529 2613 699 2704 disposita
715 2613 832 2705 potius
848 2613 1074 2701 crediderim,
1093 2637 1186 2706 quae

49 2725 246 2814 scholiasta
270 2726 306 2794 in
332 2726 474 2796 brevius
493 2727 684 2797 contraxit.
1257 2707 1259 2712 Ι

1 2831 2 2850 ³
146 2841 305 2910 Alteram
330 2839 447 2912 autem
472 2842 682 2934 scripturam
706 2842 890 2912 codicum:
917 2846 999 2928 αὐτῷ
1024 2844 1074 2910 σὺν
1097 2851 1184 2911 τελα-

47 2963 131 3047 μῶνι
157 2958 313 3048 νιοτμνίτῳ
336 2981 369 3023 τε
396 2939 529 3050 μαχαίρῃΙ
550 2955 671 3027 infelix
697 2956 831 3027 librarii
862 2979 937 3026 esse
966 2956 1182 3026 additamen-

48 3090 134 3142 tum
165 3088 270 3162 patet.

145 3186 305 3257 Verbum
334 3186 441 3278 igitur
462 3193 638 3266 κυνηλαττῐν
669 3208 751 3255 curn
783 3186 964 3259 Nicander
995 3180 1033 3255 in
1057 3185 1181 3254 eadem

51 3317 172 3370 morte
196 3299 344 3372 Orionis
374 3300 604 3371 describenda
634 3321 676 3370 ex
700 3300 931 3392 Euphorione
951 3299 1180 3383 transtulerit,

1 3397 2 3468 ἶ
48 3413 229 3505 suspicari
267 3413 347 3485 licet
385 3437 466 3484 eum
499 3415 594 3484 illius
629 3416 673 3485 dc
706 3415 853 3487 Orionis
891 3436 1024 3506 poenae
1063 3430 1179 3484 narra·

1 3527 2 3614 }
49 3532 193 3600 tionem
224 3540 303 3600 ante
334 3531 455 3601 oculos
486 3531 663 3602 habuisse.
713 3531 821 3601 Ther.
855 3554 907 3601 12.
958 3541 960 3546 ’

148 3645 206 3712 Τὸν
235 3637 269 3711 δὲ
297 3640 491 3736 χαλαζίεντα
522 3647 594 3740 κόρη
622 3645 740 3723 Τιτηνὶς
768 3647 858 3719 ἀνῆκε

151 3757 290 3842 σκορπίον
320 3761 354 3824 έκ
381 3761 514 3845 κέντροιο
541 3760 729 3852 τεθηγμένον,
762 3757 839 3851 ἦμος
869 3761 984 3850 ἐτέχρα

145 3876 272 3955 ,Βοιωτῷ
296 3871 444 3955 τεύχουσα
472 3873 565 3940 κακὸν
595 3873 684 3965 μόρον
714 3871 858 3958 Ὠαρίωνι,
1063 3867 1066 3874 ’

151 3985 306 4076 ἄχραντον
336 3989 387 4054 ὅτι
411 3987 496 4071 χερσὶ
525 3988 592 4066 ’θεῆς
618 3980 764 4069 ἐδράξατο
792 3990 925 4056 πέπλων,
955 4043 958 4047 .

149 4097 242 4192 αὐτὰρ
275 4103 293 4167 ὅ
304 4127 341 4192 γε
370 4087 524 4195 στιβαροῖο
554 4098 635 4169 κατὰ
666 4103 770 4194 σρυρὸν
797 4101 906 4174 ἤλασεν
933 4099 1029 4183 ίχνεος

149 4212 287 4304 σκορπίος
317 4206 459 4296 ἀτροϊδὴς
487 4215 581 4308 ὀλίγῳ
612 4215 669 4282 ὑπὸ
697 4219 750 4281 λᾶι
779 4216 925 4306 λοχήσας.
