2824 4700
423 300 745 376 .-a7-

73 512 75 516 ·
134 467 292 554 ’Τυδείδης
317 467 336 542 δ
342 471 425 566 ’ἄρα
441 533 443 536 .
459 477 620 568 μοῦνοςέν
656 474 795 610 Ἀργείοις
810 526 814 532 ,
828 474 950 566 Ἀχιλῆι
995 492 1022 530 ·'

149 593 256 676 χώετο,
282 589 425 682 Θερσίτου
456 579 647 704 δεδουπότος,
683 586 782 656 οὕνεκ’
803 584 849 680 ἄρ’
873 591 965 660 αὐτοῦ
1030 638 1033 644 .
1076 636 1080 642 -
1106 639 1108 643 ,

139 749 146 764 r
149 704 249 797 εὔχετ’
275 703 330 796 ἀφ’
353 699 486 842 α’ίροιτος
510 697 594 783 εἶναι,
620 683 682 770 ἐπεὶ
709 701 841 772 πέλεν
828 727 858 779 ος
889 701 988 795 ριὲν’
971 711 1083 795 apertori

145 811 257 897 ΙΤυδέος
284 819 405 911 ὄβριμος
426 814 498 898 υίὸς,
519 822 548 885 6
573 809 601 884 δ’
633 815 704 910 ’ρΑγ
706 816 750 884 ίου
773 811 908 900 ίοοθίοιο,

101 964 103 972 ι
150 932 282 1026 Ἀγρίου,
313 933 399 1007 ὅςτ
416 931 536 1009 ,Οἰνῆος
562 923 705 1022 ἀδελφεὸς
735 931 845 997 ἔπλετο
874 920 950 1002 δίου.

148 1046 253 1125 θίνεὺς
278 1039 307 1114 δ’
330 1046 395 1113 υἱέα
417 1046 528 1138 γείνατ’
553 1044 653 1138 ἀρήιον
676 1046 706 1110 ἐν
728 1049 885 1111 Δαναοῖσιν

19 1143 21 1154 ‚
116 1187 118 1192 ’
147 1153 224 1229 ruht
210 1163 258 1248 ία,
281 1169 335 1227 τοῦ
359 1153 416 1228 δὲ
420 1163 550 1228 τέτυκτο
579 1155 650 1284 παίς
678 1158 809 1250 σθεναρὸς
836 1149 996 1292 Διοριίδης

149 1323 300 1430 Reliqua
317 1293 436 1398 autem
451 1346 589 1419 praeter
600 1280 728 1416 Quinti
746 1299 989 1404 narrationem
1006 1319 1184 1418 memoria

71 1411 239 1512 Thersitae
271 1463 418 1534 corpore
454 1463 525 1511 non
562 1437 712 1510 deformi
755 1439 906 1534 praediti
940 1461 1085 1532 prorsus
1129 1461 1187 1508 ex-

73 1555 185 1625 stincta
220 1571 293 1641 est,
328 1553 396 1623 nisi
404 1555 529 1649 quod
571 1575 662 1622 unus
701 1551 857 1625 Ovidius
896 1553 1012 1708 huius⁹
1043 1552 1188 1664 fabulae

72 1666 202 1761 restigia'
229 1684 322 1765 certa
351 1639 454 1756 nobis
482 1667 651 1736 servavit:
685 1689 704 1736 e
716 1665 847 1737 Ponto
879 1663 986 1756 ΙΙῙ9

237 1823 353 1896 Auctor
372 1782 474 1878 laudat
493 1835 589 1895 opus3
609 1819 650 1876 sie
669 1817 795 1876 forsitan
811 1816 922 1896 Agrius
941 1817 1013 1876 olim

310 1903 471 1962 Thersiten
490 1902 566 1960 facie
586 1902 694 1962 dixerit
713 1921 778 1960 esse
797 1904 886 1960 bona.

152 2067 221 2136 Hic
251 2065 280 2135 si
306 2066 386 2156 quis
403 2065 487 2156 ‘ipsa
513 2064 750 2157 vetustissima
776 2063 933 2136 carmina
960 2061 1059 2154 epica
1086 2063 1183 2136 lecti·

19 2201 20 2206 ¹
73 2197 152 2250 tasse
180 2179 355 2251 Ovidium
388 2177 536 2264 iudicat
571 2201 635 2248 suo
675 2177 832 2268 periculo
862 2177 940 2245 hoc
979 2175 1181 2248 arbitretur.

75 2291 135 2384 Sed
163 2293 324 2386 graviora
356 2293 551 2365 videamus.

153 2431 185 2477 a.
217 2409 259 2479 In
286 2409 621 2532 metamorphoseon
661 2406 761 2476 libris
798 2428 879 2475 cum
910 2406 978 2475 alia
1006 2406 1183 2480 miramur

73 2538 138 2589 turn
168 2545 257 2612 qua
256 2538 354 2606 arte,
392 2542 464 2611 quo
495 2519 637 2612 ingenio
668 2516 822 2591 Ovidius
859 2541 1027 2612 magnam
1056 2513 1185 2589 seriem

72 2633 261 2710 fabularum
285 2657 347 2725 per
370 2658 406 2705 se
436 2635 652 2726 integrarum
688 2633 723 2703 in
753 2632 905 2704 maiores
939 2651 1056 2725 partes
1085 2655 1185 2704 com·
1255 2644 1258 2650 '

19 2785 20 2792 υ
72 2749 299 2836 prehenderit,
324 2771 405 2818 curn
421 2748 606 2841 aptissimo
622 2766 654 2817 et
679 2747 937 2819 iucundissimo
954 2769 1080 2840 genere
1097 2771 1184 2817 con-

72 2863 251 2956 iungendi,
292 2886 365 2954 quo
403 2863 502 2932 arida
543 2879 648 2953 atque
687 2861 866 2953 incompta
907 2861 1187 2932 enumerationis

71 2975 175 3046 forma
191 2979 372 3063 vitaretur,
389 2977 547 3069 singulas
562 2975 699 3045 fabulas
714 2974 970 3068 constringeret
987 2992 1021 3045 et
1037 2976 1188 3045 leviores
1223 3025 1228 3030 -

72 3089 107 3157 iis
130 3112 217 3179 quae
244 3091 422 3183 graviores
448 3108 576 3175 essent,
601 3089 787 3159 subiceret.
831 3089 872 3158 In
897 3112 968 3180 qua
993 3112 1030 3158 re
1053 3088 1189 3178 quibus
1243 3106 1248 3116 ·

19 3239 21 3244 ·
72 3205 215 3276 artificiis
252 3228 337 3274 usus
370 3205 431 3291 sit,
467 3227 541 3274 uno
576 3204 650 3288 ¹fere
685 3204 846 3294 exemplo
885 3204 1070 3273 ostendere
1112 3204 1187 3273 suf-

71 3306 182 3390 ficiet.¹
211 3321 365 3394 Ovidius
397 3341 478 3390 cum
506 3322 528 3389 l.
558 3320 614 3390 lll
646 3319 831 3390 318-338
856 3318 1030 3389 Tiresiam
1059 3319 1094 3389 in
1123 3319 1185 3388 lite

72 3435 177 3506 iocosa
202 3461 222 3506 a
244 3438 332 3509 Jove
357 3435 518 3505 instituta
544 3457 609 3526 pro
631 3436 819 3504 oculorum
844 3435 977 3504 damno
1003 3433 1186 3504 scientiam

72 3571 178 3619 rerum
209 3549 410 3619 futurarum
442 3550 609 3639 adeptum
645 3571 720 3618 esse
755 3548 926 3635 retulerit,
952 3549 1189 3620 fabulam'de

74 3663 229 3735 Narcisso
259 3681 397 3750 narrat3
432 3687 502 3755 qua
532 3664 641 3732 fidem
671 3662 875 3754 famamque
903 3663 992 3734 vatis
1020 3684 1187 3755 comprof

74 3777 182 3848 batam
193 3800 268 3849 esse
286 3779 506 3868 (338-510).
524 3781 691 3848 Attamen
705 3779 883 3848 Pentheus
900 3800 981 3847 eam
993 3799 1058 3868 pro
1073 3775 1187 3846 nihilo

74 3893 169 3962 habet
198 3893 444 3984 imprimisque
478 3913 569 3962 nova
595 3891 722 3972 Bacchi
746 3915 842 3962 sacra
865 3907 1074 3982 aspernatur
1100 3892 1180 3978 (511

73 4043 111 4058 -
136 4009 216 4097 700)
249 4006 362 4076 donec
390 4023 502 4075 morte
527 4004 771 4075 crudelissima
803 4027 868 4095 pro
896 4004 1025 4074 ferocia
1051 4025 1189 4098 poenas

75 4123 224 4192 solveret.
270 4111 465 4214 701-7'34.
519 4122 637 4212 thue
670 4143 730 4190 rex
761 4122 940 4190 Pentheus
973 4120 1019 4189 ita
1048 4120 1189 4189 nobiles

73 4232 260 4326 Minyeides
291 4236 442 4306 feminae
469 4235 666 4305 adventicio
702 4235 769 4304 deo
806 4234 961 4303 infensae
991 4251 1075 4302 sunt
1100 4250 1187 4303 cete·
1274 4237 1277 4243 ’
