2824 4700
628 1200 659 1284 l.

87 1495 308 1617 Euphorio
346 1497 451 1618 quid
489 1531 513 1586 e
551 1501 843 1620 Lycophronis
873 1499 1123 1594 Alexandra
1160 1505 1206 1595 in

235 1691 237 1694 ’
330 1686 463 1788 suum*
489 1697 616 1789 usum
650 1703 959 1794 converterit*

68 2085 74 2095 ’
177 2051 421 2142 Lycophronis
463 2051 705 2121 Chalcidensis
731 2055 1025 2122 obscurissimum
1051 2078 1203 2125 carmen

67 2167 364 2244 4«Alexandram»
397 2166 554 2235 studiose
586 2168 708 2259 legisse
749 2165 1016 2240 Chalcidensem
1058 2173 1204 2263 Eupho·-

85 2283 221 2352 rionem
247 2282 399 2372 indeque
422 2283 534 2351 multa
553 2283 589 2352 in
612 2307 716 2352 suum
737 2308 841 2354 usum
857 2285 1061 2370 contulisse,
1078 2309 1204 2376 quam-

83 2423 192 2491 quam
209 2401 286 2490 ipso
303 2400 505 2469 testimonio
523 2423 697 2488 caremus,
713 2419 829 2471 tamen
847 2403 1058 2493 comparatis
1075 2383 1205 2471 utrius·

82 2541 153 2608 que
178 2517 345 2607 operibus
369 2539 434 2607 pro
456 2534 551 2586 certo
572 2517 737 2586 affirmari
762 2535 886 2609 potest.
912 2505 1007 2588 'Erat
1033 2519 1127 2586 enim
1155 2519 1204 2612 illi

83 2633 264 2724 ingenium
294 2634 397 2723 plane
429 2633 568 2716 simile3
602 2617 695 2702 idem
727 2635 884 2702 studium
922 2633 1122 2703 fabularum
1153 2657 1206 2702 re·

83 2771 234 2838 rumque
271 2748 581 2832 absconditarum,
630 2753 754 2818 eadem
793 2751 991 2840 argumenti
1033 2748 1204 2823 tractandi

84 2865 186 2949 rati0‚
215 2862 283 2954 qua
314 2864 542 2933 strictissimis
576 2865 728 2955 ideoque
752 2889 854 2958 saepe
883 2867 1057 2957 ambiguis
1091 2864 1207 2933 verbis

83 2997 249 3066 magnam
282 2998 402 3044 rerum
424 2976 561 3066 copiam
589 2976 935 3067 comprehendebant
956 2994 989 3045 et
1014 2999 1104 3066 quae
1129 2998 1207 3067 gra-

84 3091 184 3159 viora
213 3107 330 3176 erant,
363 3091 457 3159 velut
487 3091 521 3159 in
553 3071 756 3160 transcursu
806 3092 927 3162 leviter
972 3092 1205 3190 attingebant.

86 3207 293 3296 Eademque
317 3199 388 3297 qua
419 3207 606 3298 Lycophro
633 3207 805 3276 industria
828 3209 885 3276 ille
911 3207 1083 3277 vocabula
1107 3209 1209 3277 raris-

86 3323 178 3390 sima
196 3316 257 3390 aut
279 3324 412 3413 glossas
436 3340 629 3413 aucupatus
654 3340 705 3391 est
730 3340 763 3391 et
784 3345 874 3392 nova
891 3322 1027 3393 induxit
1044 3325 1209 3414 aut'quae

85 3438 131 3507 ab
163 3438 425 3529 antiquioribus
465 3439 599 3528 poetis,
636 3439 789 3507 maxime
818 3462 859 3506 ex
889 3439 1082 3508 Homerica
1112 3442 1209 3529 poesi

87 3552 217 3621 tradita
246 3571 366 3639 erant,
398 3553 434 3622 in
468 3553 577 3622 alium
613 3575 756 3621 sensum
790 3553 1032 3622 conformavit.
1082 3556 1209 3645 Neque

87 3741 303 3751 ...Μ

163 3888 230 3942 ¹ln
259 3887 317 3944 hoc
346 3885 448 3943 libello
474 3889 686 3961 componendo
714 3887 847 3946 consiliis
867 3888 1001 3947 virorum
1021 3885 1212 3944 doctissimo-

92 3989 162 4028 rum
182 3985 211 4028 et
231 3970 499 4028 illustrissimorum
520 3989 589 4028 curn
611 3971 721 4029 Heitzii
741 3986 805 4028 tum
827 3971 965 4042 Kaibelii,
986 3988 1048 4046 quo
1066 3982 1100 4027 ut
1128 3987 1213 4044 prae-

92 4067 215 4130 ceptore
234 4054 373 4128 quintum
394 4053 474 4110 hunc
494 4071 607 4110 annum
627 4065 736 4127 uterer,
756 4054 873 4129 optimo
900 4053 975 4110 mihi
995 4072 1028 4110 ac
1047 4052 1125 4110 felici
1144 4070 1214 4110 casu

92 4135 230 4212 contigit,
251 4136 444 4195 multifariam
464 4137 585 4194 adiutus
604 4153 679 4194 sum.
701 4137 757 4194 llis
777 4156 832 4211 pro
852 4137 907 4194 hac
927 4137 957 4193 in
972 4155 1018 4193 me
1033 4136 1213 4193 benevolen-

93 4222 137 4280 tia
156 4221 281 4297 gratiam
302 4221 399 4278 habeo
419 4239 645 4294 memoremque
665 4221 798 4277 animum
819 4221 985 4296 praestabo.
