2876 4700
176 1001 361 1094 Ovidius
401 1001 688 1124 Euphorionis
727 1001 990 1094 carminibus
1027 1033 1141 1095 usus.

112 1417 116 1424 ·
184 1379 288 1447 Hanc
318 1380 561 1468 quaestionem
596 1381 805 1472 priusquam
839 1381 1033 1467 instituam,
1067 1383 1110 1451 de
1142 1405 1217 1451 car-

89 1493 252 1566 minibus
285 1494 373 1587 ipsis
408 1497 650 1588 Euphorionis
688 1521 813 1590 pauca,
858 1520 949 1590 quae
986 1498 1213 1568 aid-sensum

91 1611 290 1681 necessaria
314 1628 408 1697 sunt,
442 1615 615 1704 exponere
640 1637 730 1705 opus
763 1630 841 1699 est‚..
858 1613 1020 1704 quamvis
1045 1613 1103 1683 vix
1125 1636 1215 1704 quae

92 1746 241 1816 prorsus
289 1744 382 1796 certa
428 1726 511 1797 sint.
537 1727 655 1818 eloqui
697 1727 808 1798 liceat.
858 1728 1074 1817 Plerumque
1120 1729 1215 1798 enim

89 1857 241 1931 propter
273 1840 459 1931 penuriam
491 1839 769 1932 fragmentorum
794 1839 996 1931 Suidaeque
1032 1841 1139 1910 verba
1169 1841 1215 1910 ita

90 1954 128 2022 in
156 1953 261 2023 breve
285 1970 475 2039 contracta,
502 1971 626 2024 utnon
642 1977 712 2048 una
736 1954 946 2024 obscuritate
970 1954 1145 2041 laborent,
1170 1957 1214 2024 ad

90 2084 256 2136 nostrum
281 2066 454 2137 iudicium
477 2045 722 2158 refugiendum
748 2085 799 2138 est
822 2067 1031 2138 conantibus
1047 2091 1097 2138 ea
1121 2090 1215 2160 quae

89 2179 324 2269 discerptaet
348 2179 535 2264 dissociata
556 2180 700 2271 ¹passim
736 2181 869 2251 iaceant
905 2181 1034 2252 artiore
1064 2182 1155 2252 inter
1179 2206 1214 2252 se

88 2293 235 2362 vinculo
269 2291 522 2385 constringere.
550 2293 716 2364 ,Exclusis
741 2294 846 2386 igitur
869 2317 889 2364 a
913 2295 1036 2366 limine
1061 2296 1104 2370 iis
1129 2319 1213 2387 ope-

89 2406 194 2475 ribus
227 2427 317 2496 quae
349 2406 500 2497 pedestri
535 2405 593 2476 ille
628 2428 791 2478 sermone
823 2406 971 2478 confecit
1002 2409 1213 2500 omissisque

89 2519 358 2610 epigrammatis
380 2519 448 2588 tria
464 2520 566 2590 nobis
584 2543 603 2590 a
620 2519 731 2593 Suida
745 2521 902 2592 carmina
917 2522 1015 2613 epica
1038 2523 1210 2594 citantur:

89 2631 277 2702 Hesiodus
299 2671 345 2686 -
367 2654 488 2723 equo
522 2632 611 2703 nihil
644 2633 747 2703 nobis
772 2633 995 2705 innotuit-
1018 2634 1211 2722 Chiliades,

88 2744 284 2836 Mopsopia
308 2747 382 2817 sive
411 2730 548 2831 Aucta,
582 2746 757 2837 equibus
787 2749 1095 2840 operibuspauca
1116 2750 1212 2842 lrag·

87 2879 211 2932 menta
235 2863 278 2932 ad
302 2885 367 2935 nos
392 2881 662 2954 pervenerunt..
725 2944 727 2948 .

182 2978 351 3048 Nascitur
382 2978 507 3067 ,statim
542 2976 731 3064 dubitatio,
772 2999 872 3048 num.
895 2979 1051 3049 carmina
1090 2981 1211 3050 omnia

84 3091 343 3180 grammaticus
360 3091 418 3160 ille
442 3091 700 3162 enumeraverit
724 3113 768 3160 an
785 3091 923 3183 potiora
947 3091 1019 3162 lere
1044 3094 1211 3164 adnotare

83 3223 273 3276 contentus
298 3206 435 3276 minora
460 3205 669 3299 neglexerit3
695 3228 787 3297 quae
812 3206 986 3277 dubitatio
1011 3208 1092 3279 inde
1107 3209 1210 3278 valde

81 3337 248 3412 augetur,
264 3321 360 3410 quod
378 3320 480 3391 multi
497 3320 599 3392 nobis
620 3320 819 3390 carminum
835 3319 927 3390 tituli
945 3321 1089 3410 obviam
1107 3322 1209 3406 fiunt,

83 3433 152 3524 qui
177 3451 297 3502 utrum
330 3433 568 3524 peculiaribus
603 3433 703 3505 libris
732 3456 775 3503 an
803 3434 964 3526 partibus
996 3435 1209 3526 quibusdam

82 3573 103 3618 e
122 3546 320 3616 maioribus
336 3547 436 3618 libris
452 3568 613 3617 seorsum
627 3547 739 3617 citatis
764 3547 922 3640 inscripti
938 3547 1081 3634 fuerint,
1108 3549 1209 3640 igno·

83 3681 223 3732 ramus.
252 3659 322 3732 Sed
347 3661 469 3752 quales
494 3661 534 3730 hi
554 3661 646 3733 tituli
666 3662 748 3748 sint,
774 3678 854 3731 ante
871 3661 993 3731 omnia
1010 3662 1208 3748 videamus,

44 3864 46 3869 .
82 3797 172 3846 cum
197 3777 233 3846 in
258 3794 438 3868 quattuor,
463 3777 493 3847 si
516 3778 642 3868 placet,
668 3800 795 3871 genera
819 3777 1083 3848 distribuamus.

184 3895 366 3982 1.··Atque.
382 3891 498 3983 primo
523 3892 599 3962 loco
624 3891 832 3962 nominandi
850 3892 937 3962 mihi
961 3908 1044 3962 sunt
1059 3893 1083 3961 ii
1102 3893 1208 3977 tituli,

79 4025 180 4097 quos
203 4005 351 4076 nomina
374 4005 560 4076 hominum
585 4006 657 4076 sive
679 4022 849 4076 notorum
873 4005 946 4074 sive
968 4005 1209 4096 Euphorionis

77 4117 318 4190 familiarium
356 4143 431 4192 csse
468 4120 566 4192 facile
603 4121 807 4212 perspicias.
857 4119 961 4210 Quos
996 4121 1093 4189 viros
1128 4144 1207 4190 cum

75 4247 189 4326 poeta
213 4233 357 4323 aliquod
391 4235 643 4304 commercium
677 4235 886 4319 litterarum,
922 4251 962 4304 ut
997 4233 1044 4303 ita
1078 4234 1206 4319 dicam,
