2824 4700
639 245 913 321 1-58-

229 417 360 490 tatione
385 421 502 491 Tzetz.
521 421 565 490 ad
584 423 667 516 Lyc.
689 424 771 504 208,
790 445 833 491 ne
860 444 930 516 qua
958 421 1134 493 dubitatio
1157 436 1356 512 remaneat,
1394 483 1395 488 ,

230 533 430 604 confirmari
455 552 585 625 potest:
614 537 740 626 ἐτιμᾶτο
764 526 798 601 δὲ
825 534 915 602 καὶὸ
945 535 1079 628 Διύνυοος
1102 537 1131 602 ἐν
1154 539 1278 629 Δελφοῖς
1303 534 1359 598 σὺν

235 645 404 714 Ἀπόλλωνι
423 649 532 716 οὑτωσί
552 672 559 686 ·
584 650 610 715 οἱ
627 654 746 727 Τιτᾶνες
760 647 801 716 τὰ
822 651 959 716 Διονύσου
984 650 1105 742 μέλη,
1129 644 1149 714 ἃ
1177 640 1330 714 διιεσποί
1342 687 1357 697 -

230 752 353 850 ραξαν
383 761 552 829 Ἀπόλλωνι
570 755 688 854 ἀδελφῷ
704 763 767 829 ὂντι
786 761 1067 854 αὐτοῦπαρίθεντο,
1093 762 1360 855 ἐμβαλόντες
1394 785 1396 840 i

230 873 282 951 εἰς
303 879 477 964 λέβητα,
497 884 512 946 ὁ
527 872 560 945 δὲ
575 877 656 970 παρα
669 881 713 965 τῷ
727 870 845 969 τρίποδι
860 877 1013 970 παρέθετο,
1031 877 1361 970 ὥςρησιΚαλλίμαχος
1396 866 1397 906 ¹

230 989 282 1056 καὶ
317 992 463 1085 Εὐφορίων
492 996 572 1085 λέγει
602 1017 609 1030 ·
640 997 669 1059 ἐν
691 992 759 1084 πυρὶ
787 1033 831 1048 --
867 1033 912 1044 --
951 995 1036 1063 Post
1069 1011 1222 1065 mortem
1260 993 1360 1062 illius
1396 1077 1397 1080 Ἴ

230 1105 355 1172 tertius
398 1105 578 1197 Dionysus
619 1107 745 1192 oritur,
785 1105 885 1186 Jovis
913 1123 947 1176 et
987 1104 1143 1178 Semeles
1181 1103 1291 1192 filius,
1322 1107 1359 1175 in

230 1241 337 1309 quem
369 1219 464 1290 Juno
501 1241 626 1292 omnes
655 1244 746 1312 quos
772 1222 882 1313 possit
909 1223 1011 1291 dolos
1043 1223 1147 1292 struit
1177 1245 1360 1312 omneque
1397 1232 1398 1372 ρ

231 1335 455 1426 inexpiabilis
492 1336 564 1407 odii
589 1359 699 1429 genus
730 1338 898 1429 profudit.
941 1339 994 1407 lta
1034 1338 1159 1408 Bacchi
1194 1325 1398 1407 custodes

230 1449 416 1540 consopire
448 1473 590 1542 parans,

537 1563 722 1658 βλαψίφρονα
745 1567 887 1659 ροίρμακα
916 1575 1047 1658 χεῦεν,
1398 1600 1399 1680 ρ

213 1721 217 1729 ’
318 1677 413 1742 “Oos'
442 1669 516 1750 ἐδοίη
542 1671 740 1771 Πολύδαμνα,
770 1677 949 1752 Κοταικὴῆ
979 1682 1037 1745 ὅσα
1064 1671 1167 1753 Μήδαν.

321 1789 730 1867 commetiens.
760 1793 885 1861 Herm.
918 1792 953 1874 in
986 1793 1056 1861 vol.
1085 1813 1128 1862 22
1158 1812 1237 1884 pag.
1275 1793 1357 1882 507·

234 1903 291 1973 Ad
317 1927 404 1995 quas
428 1904 573 1976 insidias
599 1907 741 1976 Lobeck
759 1908 948 1998 (Aglaoph
982 1908 1082 1995 1046)
1107 1907 1230 1977 Nonni
1247 1908 1400 1994 veer

232 2015 414 2088 referenda
448 2037 546 2109 putat
578 2044 631 2108 14,
667 2045 752 2112 171:

336 2129 397 2195 Καὶ
419 2133 544 2224 Βρομίου
572 2133 788 2236 φνλοίκεσσιν’
775 2135 936 2221 εχώσατο.
955 2127 975 2200 δ
976 2133 1121 2265 μψαρμα
1151 2125 1185 2199 δὲ

337 2237 518 2323 Θεσσαλίδος
547 2238 690 2313 δολόεντα
722 2238 752 2312 δί
781 2243 928 2330 ἀχλύος”
907 2246 959 2312 ανθ
960 2271 995 2314 εα
1020 2246 1119 2337 γαίης,

325 2364 467 2452 μοίγγανα
490 2355 700 2452 ραρμακόεντα
723 2361 979 2426 κατασταλοίουσα
996 2360 1124 2452 νομαίων

319 2479 407 2540 ὕπνον
429 2472 612 2565 θελγομίνων
635 2474 775 2564 ρυλοὶκων
799 2473 967 2563 ἐπέχευε
989 2475 1118 2564 καμίνῳ.

322 2587 596 2677 Expeditionem
639 2605 759 2657 contra
801 2588 909 2656 Indos
954 2586 1082 2656 factam
1129 2585 1359 2677 reditumque

230 2703 286 2771 dei
324 2720 429 2792 atque
469 2701 603 2792 proelia·
641 2720 762 2771 contra
803 2701 1022 2771 adversarios
1068 2701 1222 2772 Graecos
1260 2722 1358 2770 com-

231 2819 338 2886 missa
362 2840 402 2886 ex
427 2839 499 2886 uno
526 2817 677 2886 alterove
702 2817 899 2907 fragmento
922 2817 1174 2909 comperimus.
1201 2819 1359 2888 Versum

232 2931 474 3021 Euphorionis
507 2931 647 3024 (fragm.
683 2933 752 3022 71)

319 3047 434 3112 ”Acten
463 3045 625 3137 Δυρῤαχίης
655 3069 688 3111 τε
720 3045 771 3112 καὶ
800 3039 882 3112 ἔθνεα
912 3044 1119 3111 Ταυλαντίνων

231 3183 435 3251 comparare
466 3159 569 3228 liceat
597 3181 677 3228 cum
708 3159 913 3230 Nonnianis
938 3160 1055 3228 verbis
1079 3182 1139 3248 44,
1180 3184 1207 3228 1.
1239 3165 1241 3169 '

318 3264 399 3344 Ἤδη
430 3264 464 3338 δ’
498 3271 639 3364 Ἰλλυρίης
669 3274 847 3339 Δαολοίντιον
878 3271 956 3350 ἔθνος
986 3271 1105 3366 ἀρούρης

319 3386 369 3452 καὶ
393 3378 484 3452 πέδον
509 3385 651 3477 Αἱμονίης
681 3385 732 3452 καὶ
764 3389 875 3460 Πηλιον
906 3383 994 3478 ἄκρον
1022 3380 1110 3464 εὀίσας

324 3492 466 3567 ‘nitidos
497 3500 584 3592 ἐγγὺς
615 3501 710 3566 ἵκανε·
758 3500 933 3588 (Bacchus
966 3504 1030 3588 sc.)

320 3613 441 3704 Steph.
474 3615 557 3704 Byz.
591 3636 619 3682 s,
638 3612 846 3706 ν.Δυρραχία.
873 3655 917 3664 -
939 3615 1061 3708 λέγεται
1083 3613 1135 3679 καὶ
1157 3618 1175 3687 ἡ
1196 3615 1284 3706 χώρα
1302 3626 1358 3693 τῆς

236 3729 376 3820 Ἰλλυρίας
416 3725 573 3818 Δυρραχία.
639 3727 807 3818 Quorum
839 3751 1009 3798 versuum
1047 3729 1156 3818 priori
1197 3729 1226 3797 si
1272 3752 1355 3799 cum

231 3843 485 3936 Euphorioneo
515 3841 784 3912 similitudinem
815 3844 996 3933 quandam
1031 3843 1246 3913 intercedere
1272 3867 1355 3914 con·

229 3959 346 4042 cedas,
377 3957 483 4026 simul
516 3957 742 4027 manifestum
769 3956 820 4042 fit,
839 3980 912 4047 quo
938 3979 1074 4026 conexu
1099 3977 1219 4026 rerum
1244 3959 1356 4028 verba

230 4073 481 4162 Euphorionea
507 4095 588 4141 cum
619 4073 741 4142 ceteris
782 4072 1012 4140 cohaeserint.
1061 4073 1149 4141 Jam'
1173 4094 1357 4163 expugna-

229 4187 342 4256 tiones
368 4187 511 4256 urbium
542 4186 629 4278 Argi
659 4204 692 4256 et
715 4187 948 4276 Mycenarum
981 4185 1165 4276 Euphorio
1196 4184 1358 4276 descrip-
