2876 4700
507 271 751 348 appu„

116 499 120 504 -
153 449 281 521 Verbis
313 447 532 533 Plutarchi,¹
556 448 619 540 qui
649 449 713 518 hos
742 468 865 516 versus
885 445 997 532 citat,
1028 447 1063 516 in
1096 448 1193 518 ludis

82 560 226 630 lsthmiis
254 560 423 651 primitus
449 561 574 652 pinum
604 576 669 654 pro
704 559 907 630 certaminis
940 559 1100 650 praemio
1124 561 1194 630 vic-

80 675 203 744 toribus
234 677 370 745 datum
406 695 490 746 csse.
517 676 699 746 docemur.
763 671 948 746 Nondum·
980 673 1096 760 enir'n,
1131 675 1192 744 'ait

81 789 271 880 Euphorio,
313 789 486 859 Hercules
516 778 754 860 N'eme'ensem
782 789 920 860 leonem
953 790 1064 878 (Miror
1091 779 1196 854 παῖδα

79 903 206 994 Χάρωνα)
232 904 513 993 perdomuerat,¹
532 904 697 973 nondum
722 941 766 956 ·-
810 903 876 972 hoc
902 902 1197 972 subaudiendum·

80 1036 189 1084 est-
215 1017 252 1086 in
279 1017 490 1086 memoriam
518 1017 623 1088 huius
649 1016 814 1088 victoriae
839 1017 1056 1086 Nemeenses
1086 1017 1196 1086 ludos

81 1131 322 1202 instauraverat
350 1132 403 1202 vel
436 1128 659 1217 sacraverat,¹
679 1127 880 1223 inquibus
905 1147 997 1200 serta
1018 1152 1087 1199 ³ex·
1109 1130 1196 1222 apio

81 1267 155 1313 nexa
185 1245 262 1316 loco
291 1244 536 1336 praemiorum.
560 1246 795 1326 habebantur,
823 1245 921 1337 quod
952 1243 1075 1335 apium
1110 1263 1193 1336 post

82 1355 236 1428 Herculis
261 1377 422 1450 tempora
458 1358 565 1428 etiam
597 1360 640 1428 ad
677 1358 846 1429 Isthmios
884 1359 990 1428 ludos
1032 1357 1194 1448 pervenit

81 1490 172 1562 atque
201 1473 235 1542 in
267 1474 385 1542 locum
414 1473 600 1564 pinearum
629 1493 842 1543 coronarum
861 1473 1051 1570 successit.

158 1588 250 1657 Mira
289 1587 323 1658 in
362 1610 398 1656 re
437 1606 488 1658 est
528 1588 707 1680 utrimque
745 1589 949 1659 consensio:
987 1606 1026 1658 ut
1064 1589 1197 1680 Apollo

82 1721 176 1794 caput
196 1705 355 1774 aesculea
379 1703 506 1774 fronde
526 1703 733 1787 circumdat,-
763 1704 847 1795 quia
873 1705 1034 1774 nondum
1050 1756 1052 1762 .
1068 1705 1194 1776 laurus

83 1818 220 1902 exstitit,
261 1819 308 1888 ita
346 1818 524 1893 Corinthii
559 1819 704 1898 iuvenes
742 1819 847 1911 pinus
887 1819 1012 1890 diebus
1051 1814 1197 1894 sollem-

83 1933 177 2001 nibus
205 1935 376 2002 honorem
395 1934 543 2026 ³gerunt,
561 1932 645 2023 quia
659 1941 663 1970 ³
678 1933 837 2002 nondum
866 1931 936 2024 apii
968 1935 1074 2003 usu'm
1097 1929 1198 2004 corn·

84 2066 211 2136 portum
250 2048 391 2119 habent.
451 2048 581 2139 Apollo
613 2069 695 2116 vero
736 2065 775 2116 ut
811 2049 936 2117 arbore
974 2069 1071 2138 sacra
1107 2071 1197 2142 pro·

81 2181 185 2232 creata
227 2184 395 2233 coronam
443 2163 638 2232 aesculearn
669 2151 834 2254 deponit,
874 2163 920 2232 ita
955 2159 1104 2234 iuvenes
1142 2163 1192 2233 illi
1279 2239 1283 2248 ,

82 2279 193 2366 apium
222 2280 402 2350 sollemne
435 2278 623 2371 accipiunt.
673 2277 794 2349 Ovidii
830 2279 963 2363 verba,
1002 2278 1087 2370 quid
1126 2261 1198 2348 sibi

82 2393 211 2479 vellent,
243 2392 429 2483 explicavi:
461 2409 544 2460 sunt
573 2413 656 2460 sane
686 2391 872 2460 artificiose
897 2391 1042 2461 adiecta.
1066 2391 1193 2482 Quod

81 2508 242 2576 artificum
266 2525 386 2576 utrum
405 2507 485 2598 ipse
510 2505 646 2576 invenit
665 2529 713 2574 an
741 2503 1010 2597 Euphorionem
1036 2505 1198 2592 imitatus

81 2622 185 2690 estin
218 2620 399 2691 simillima
429 2644 466 2690 re
497 2623 722 2690 versantem?
750 2621 963 2714 Dolendum
989 2640 1068 2702 est,
1096 2624 1196 2714 quod

83 2732 263 2816 nescimus,
295 2757 366 2826 qua
406 2735 540 2804 ratione
566 2737 701 2804 versus
727 2734 821 2804 allati
856 2737 1076 2822 cohaeserint
1114 2759 1197 2827 cum

82 2846 119 2913 iis
144 2849 203 2938 qui
235 2849 485 2919 antecedebant
516 2866 550 2918 et
586 2849 834 2938 sequebantur.
886 2849 955 2922 Sed
986 2851 1039 2919 ad
1081 2849 1197 2940 ipsam

82 2963 263 3032 verborum
298 2963 572 3032 ‘similitudinem
602 2961 782 3048 animum,
802 2953 980 3054 quaeso,
1019 2966 1208 3057 advertasq

84 3076 200 3168 lncipit
218 3077 460 3169 Euphorionis
484 3097 629 3147 versus:
662 3083 695 3141 οὐ
716 3077 773 3169 γάρ
795 3101 855 3158 πω,
883 3076 1095 3148 Ovidianus·
1113 3068 1195 3146 cum

83 3192 262 3261 ,nondum‘
291 3188 730 3282 particule13rrtttvltoehtvor
753 3187 836 3256 norit
870 3191 1023 3282 κροτάφων
1052 3191 1202 3274 ἐβάλοντο

83 3306 287 3392 respondent
308 3305 496 3377 Ovidianis
521 3304 656 3374 verbis:
691 3307 888 3395 Longoque
917 3299 1075 3375 decentia
1101 3289 1196 3374 crine

82 3434 232 3509 tempora
272 3420 433 3511 cingebat
462 3421 506 3488 de
546 3419 703 3510 qualibet
736 3420 861 3489 arbore
893 3413 1071 3488 Phoebus.
1120 3421 1200 3510 Age

85 3553 160 3602 vero
188 3535 256 3604 alia
287 3535 585 3626 perpendamus:
610 3535 721 3604 Libro
756 3531 827 3603 XII
856 3532 1009 3604 Ovidius
1037 3533 1210 3604 Graecos·

85 3647 125 3712 ad
151 3647 295 3724 Troiam
324 3647 525 3738 pervenisse
555 3664 672 3715 narrat
701 3647 851 3738 (1—-39l
889 3647 996 3716 lnter
1019 3639 1207 3717 Troianos¹

86 3762 181 3830 etiam
194 3763 370 3854 'Cygnum
401 3761 519 3846 refert,
545 3783 653 3852 quern
674 3764 772 3831 ⁴dum
789 3785 854 3852 pro
872 3762 985 3854 patria
1013 3750 1207 3832 mortuum

86 3878 234 3948 Achilles
252 3879 404 3970 spoliare
421 3895 532 3968 parat,
554 3861 668 3970 cygno
685 3901 749 3946 ave
764 3895 981 3946 mutatusest
992 3865 1195 3971 (bip—⁴145).

89 3992 167 4060 Post
193 4016 272 4063 eam
303 4015 457 4086 pugnarn
486 3997 678 4084 utraequ'ae
710 4010 826 4083 partes
851 4015 926 4060 sese
955 3992 1027 4060 otio
1054 3987 1219 4065 tradunt.

89 4122 119 4171 et
151 4106 273 4177 Graeci
310 4107 518 4198 corporibus
554 4105 650 4175 festis
686 4105 811 4175 diebus
848 4101 974 4173 curatis
1015 4106 1198 4173 nocturnis

88 4220 183 4290 etiam
208 4222 434 4292 sermonibus
460 4245 495 4290 se
512 4221 696 4306 delectant,
725 4241 878 4312 quorum
905 4219 1094 4288 maximam
1117 4241 1200 4308 par-
