<?xml version="1.0" encoding="UTF-8"?>
<!DOCTYPE html PUBLIC "-//W3C//DTD XHTML 1.0 Transitional//EN"
    "http://www.w3.org/TR/xhtml1/DTD/xhtml1-transitional.dtd">
<html xmlns="http://www.w3.org/1999/xhtml" xml:lang="en" lang="en">
 <head>
  <title>
</title>
<meta http-equiv="Content-Type" content="text/html;charset=utf-8" />
  <meta name='ocr-system' content='tesseract 3.04.00' />
  <meta name='ocr-capabilities' content='ocr_page ocr_carea ocr_par ocr_line ocrx_word'/>
</head>
<body>
  <div class='ocr_page' id='page_1' title='image "./euphorioneadiss00schugoog_0039.png"; bbox 0 0 2824 4700; ppageno 0'>
   <div class='ocr_carea' id='block_1_1' title="bbox 561 305 821 386">
    <p class='ocr_par' dir='ltr' id='par_1_1' title="bbox 561 305 821 386">
     <span class='ocr_line' id='line_1_1' title="bbox 561 305 821 386; baseline -0.035 0"><span class='ocrx_word' id='word_1_1' title='bbox 561 347 626 386; x_wconf 85' lang='lat'><strong>.-</strong></span> <span class='ocrx_word' id='word_1_2' title='bbox 667 305 723 378; x_wconf 78' lang='lat' dir='ltr'><strong>ar</strong></span> <span class='ocrx_word' id='word_1_3' title='bbox 774 347 821 358; x_wconf 87' lang='grc'>-</span> 
     </span>
    </p>
   </div>
   <div class='ocr_carea' id='block_1_2' title="bbox 123 473 1208 2307">
    <p class='ocr_par' dir='ltr' id='par_1_2' title="bbox 123 473 1208 2307">
     <span class='ocr_line' id='line_1_2' title="bbox 300 473 1170 554; baseline -0.005 -16"><span class='ocrx_word' id='word_1_4' title='bbox 300 479 341 538; x_wconf 90' lang='lat' dir='ltr'><strong>Ut</strong></span> <span class='ocrx_word' id='word_1_5' title='bbox 361 479 449 537; x_wconf 91' lang='lat' dir='ltr'><strong>rediit</strong></span> <span class='ocrx_word' id='word_1_6' title='bbox 467 479 597 548; x_wconf 88' lang='lat' dir='ltr'><strong>animus,</strong></span> <span class='ocrx_word' id='word_1_7' title='bbox 616 479 762 537; x_wconf 89' lang='lat' dir='ltr'><strong>cultorem</strong></span> <span class='ocrx_word' id='word_1_8' title='bbox 783 479 923 554; x_wconf 87' lang='lat' dir='ltr'><strong>pauperis</strong></span> <span class='ocrx_word' id='word_1_9' title='bbox 942 477 1003 554; x_wconf 83' lang='lat' dir='ltr'><strong>agri</strong></span> <span class='ocrx_word' id='word_1_10' title='bbox 1059 478 1061 484; x_wconf 82' lang='grc'><em>’</em></span> <span class='ocrx_word' id='word_1_11' title='bbox 1166 473 1170 480; x_wconf 89' lang='grc'><strong>’</strong></span> 
     </span>
     <span class='ocr_line' id='line_1_3' title="bbox 352 563 1102 638; baseline -0.003 -16"><span class='ocrx_word' id='word_1_12' title='bbox 352 563 492 622; x_wconf 91' lang='lat' dir='ltr'><strong>lmmolat</strong></span> <span class='ocrx_word' id='word_1_13' title='bbox 509 578 539 622; x_wconf 90' lang='lat' dir='ltr'><strong>et</strong></span> <span class='ocrx_word' id='word_1_14' title='bbox 558 580 667 638; x_wconf 80' lang='lat' dir='ltr'><strong>magno</strong></span> <span class='ocrx_word' id='word_1_15' title='bbox 686 576 781 621; x_wconf 84' lang='lat' dir='ltr'><strong>torret</strong></span> <span class='ocrx_word' id='word_1_16' title='bbox 799 563 830 622; x_wconf 92' lang='lat' dir='ltr'><strong>in</strong></span> <span class='ocrx_word' id='word_1_17' title='bbox 850 563 918 637; x_wconf 82' lang='lat' dir='ltr'><strong>igne</strong></span> <span class='ocrx_word' id='word_1_18' title='bbox 938 563 1055 626; x_wconf 82' lang='lat' dir='ltr'><strong>bovem.</strong></span> <span class='ocrx_word' id='word_1_19' title='bbox 1098 576 1102 582; x_wconf 86' lang='grc'><strong>’</strong></span> 
     </span>
     <span class='ocr_line' id='line_1_4' title="bbox 291 643 1125 721; baseline 0 -18"><span class='ocrx_word' id='word_1_20' title='bbox 291 648 438 721; x_wconf 81' lang='lat' dir='ltr'><strong>Quaeque</strong></span> <span class='ocrx_word' id='word_1_21' title='bbox 457 663 532 721; x_wconf 88' lang='lat' dir='ltr'><strong>puer</strong></span> <span class='ocrx_word' id='word_1_22' title='bbox 550 645 705 721; x_wconf 88' lang='lat' dir='ltr'><strong>quondam</strong></span> <span class='ocrx_word' id='word_1_23' title='bbox 726 644 830 720; x_wconf 91' lang='lat' dir='ltr'><strong>primis</strong></span> <span class='ocrx_word' id='word_1_24' title='bbox 849 643 1008 702; x_wconf 84' lang='lat' dir='ltr'><strong>diffuderat</strong></span> <span class='ocrx_word' id='word_1_25' title='bbox 1028 645 1125 720; x_wconf 85' lang='lat' dir='ltr'><strong>annis,</strong></span> 
     </span>
     <span class='ocr_line' id='line_1_5' title="bbox 351 727 940 803; baseline -0.002 -16"><span class='ocrx_word' id='word_1_26' title='bbox 351 728 469 787; x_wconf 84' lang='lat' dir='ltr'><strong>Promit</strong></span> <span class='ocrx_word' id='word_1_27' title='bbox 485 727 607 786; x_wconf 84' lang='lat' dir='ltr'><strong>fumoso</strong></span> <span class='ocrx_word' id='word_1_28' title='bbox 627 727 748 786; x_wconf 86' lang='lat' dir='ltr'><strong>condita</strong></span> <span class='ocrx_word' id='word_1_29' title='bbox 767 727 839 803; x_wconf 35' lang='lat' dir='ltr'><strong>vina,</strong></span> <span class='ocrx_word' id='word_1_30' title='bbox 856 729 940 786; x_wconf 90' lang='lat' dir='ltr'><strong>cado.</strong></span> 
     </span>
     <span class='ocr_line' id='line_1_6' title="bbox 291 811 1057 885; baseline -0.001 -15"><span class='ocrx_word' id='word_1_31' title='bbox 291 814 354 870; x_wconf 90' lang='lat' dir='ltr'><strong>Nec</strong></span> <span class='ocrx_word' id='word_1_32' title='bbox 373 831 466 885; x_wconf 89' lang='lat' dir='ltr'><strong>mora,</strong></span> <span class='ocrx_word' id='word_1_33' title='bbox 484 811 660 871; x_wconf 86' lang='lat' dir='ltr'><strong>flumineam</strong></span> <span class='ocrx_word' id='word_1_34' title='bbox 680 812 742 870; x_wconf 87' lang='lat' dir='ltr'><strong>lino</strong></span> <span class='ocrx_word' id='word_1_35' title='bbox 762 811 927 870; x_wconf 87' lang='lat' dir='ltr'><strong>celantibus</strong></span> <span class='ocrx_word' id='word_1_36' title='bbox 946 812 1057 882; x_wconf 80' lang='lat' dir='ltr'><strong>ulvem,</strong></span> 
     </span>
     <span class='ocr_line' id='line_1_7' title="bbox 350 895 997 972; baseline -0.006 -17"><span class='ocrx_word' id='word_1_37' title='bbox 350 896 400 955; x_wconf 90' lang='lat' dir='ltr'><strong>Sic</strong></span> <span class='ocrx_word' id='word_1_38' title='bbox 419 914 542 972; x_wconf 88' lang='lat' dir='ltr'><strong>quoque</strong></span> <span class='ocrx_word' id='word_1_39' title='bbox 562 913 624 954; x_wconf 88' lang='lat' dir='ltr'><strong>non</strong></span> <span class='ocrx_word' id='word_1_40' title='bbox 644 896 711 954; x_wconf 90' lang='lat' dir='ltr'><strong>altis</strong></span> <span class='ocrx_word' id='word_1_41' title='bbox 730 897 894 954; x_wconf 79' lang='lat' dir='ltr'><strong>incubuere</strong></span> <span class='ocrx_word' id='word_1_42' title='bbox 912 895 997 955; x_wconf 87' lang='lat' dir='ltr'><strong>toris.</strong></span> 
     </span>
     <span class='ocr_line' id='line_1_8' title="bbox 290 977 1121 1053; baseline 0.001 -19"><span class='ocrx_word' id='word_1_43' title='bbox 290 979 379 1036; x_wconf 90' lang='lat' dir='ltr'><strong>Nunc</strong></span> <span class='ocrx_word' id='word_1_44' title='bbox 399 978 485 1053; x_wconf 91' lang='lat' dir='ltr'><strong>dape,</strong></span> <span class='ocrx_word' id='word_1_45' title='bbox 505 994 586 1035; x_wconf 90' lang='lat' dir='ltr'><strong>nunc</strong></span> <span class='ocrx_word' id='word_1_46' title='bbox 605 977 704 1053; x_wconf 86' lang='lat' dir='ltr'><strong>posito</strong></span> <span class='ocrx_word' id='word_1_47' title='bbox 725 977 846 1035; x_wconf 79' lang='lat' dir='ltr'><strong>mensae</strong></span> <span class='ocrx_word' id='word_1_48' title='bbox 866 977 982 1035; x_wconf 84' lang='lat' dir='ltr'><strong>nituere</strong></span> <span class='ocrx_word' id='word_1_49' title='bbox 1005 979 1121 1052; x_wconf 75' lang='lat' dir='ltr'><strong>Lyaeo,</strong></span> 
     </span>
     <span class='ocr_line' id='line_1_9' title="bbox 349 1059 1064 1136; baseline -0.001 -17"><span class='ocrx_word' id='word_1_50' title='bbox 349 1063 442 1119; x_wconf 85' lang='lat' dir='ltr'><strong>Terra</strong></span> <span class='ocrx_word' id='word_1_51' title='bbox 462 1062 573 1118; x_wconf 88' lang='lat' dir='ltr'><strong>rubens</strong></span> <span class='ocrx_word' id='word_1_52' title='bbox 592 1073 698 1133; x_wconf 83' lang='lat' dir='ltr'><strong>crater,</strong></span> <span class='ocrx_word' id='word_1_53' title='bbox 719 1059 826 1136; x_wconf 91' lang='lat' dir='ltr'><strong>pocula</strong></span> <span class='ocrx_word' id='word_1_54' title='bbox 846 1059 931 1135; x_wconf 84' lang='lat' dir='ltr'><strong>fagus</strong></span> <span class='ocrx_word' id='word_1_55' title='bbox 951 1075 1064 1130; x_wconf 59' lang='lat' dir='ltr'><strong>erant„</strong></span> 
     </span>
     <span class='ocr_line' id='line_1_10' title="bbox 239 1142 1208 1221; baseline 0 -21"><span class='ocrx_word' id='word_1_56' title='bbox 239 1163 267 1218; x_wconf 84' lang='lat'>4</span> <span class='ocrx_word' id='word_1_57' title='bbox 291 1146 388 1204; x_wconf 85' lang='lat' dir='ltr'><strong>Verba</strong></span> <span class='ocrx_word' id='word_1_58' title='bbox 406 1143 489 1202; x_wconf 83' lang='lat' dir='ltr'><strong>luere</strong></span> <span class='ocrx_word' id='word_1_59' title='bbox 507 1143 608 1203; x_wconf 87' lang='lat' dir='ltr'><strong>lovis:</strong></span> <span class='ocrx_word' id='word_1_60' title='bbox 631 1143 761 1219; x_wconf 78' lang='lat' dir='ltr'><strong>«Siquid</strong></span> <span class='ocrx_word' id='word_1_61' title='bbox 779 1143 835 1204; x_wconf 79' lang='lat' dir='ltr'><strong>fert</strong></span> <span class='ocrx_word' id='word_1_62' title='bbox 854 1142 994 1220; x_wconf 87' lang='lat' dir='ltr'><strong>impetus,</strong></span> <span class='ocrx_word' id='word_1_63' title='bbox 1014 1159 1109 1221; x_wconf 88' lang='lat' dir='ltr'><strong>opta:</strong></span> <span class='ocrx_word' id='word_1_64' title='bbox 1205 1169 1208 1174; x_wconf 92' lang='lat'>·</span> 
     </span>
     <span class='ocr_line' id='line_1_11' title="bbox 348 1227 1029 1303; baseline 0 -17"><span class='ocrx_word' id='word_1_65' title='bbox 348 1229 447 1286; x_wconf 86' lang='lat' dir='ltr'><strong>Omne</strong></span> <span class='ocrx_word' id='word_1_66' title='bbox 465 1228 568 1286; x_wconf 77' lang='lat' dir='ltr'><strong>feres.»</strong></span> <span class='ocrx_word' id='word_1_67' title='bbox 590 1227 698 1303; x_wconf 86' lang='lat' dir='ltr'><strong>placidi</strong></span> <span class='ocrx_word' id='word_1_68' title='bbox 718 1230 809 1286; x_wconf 91' lang='lat' dir='ltr'><strong>verba</strong></span> <span class='ocrx_word' id='word_1_69' title='bbox 827 1228 911 1286; x_wconf 86' lang='lat' dir='ltr'><strong>fuere</strong></span> <span class='ocrx_word' id='word_1_70' title='bbox 931 1229 1029 1287; x_wconf 88' lang='lat' dir='ltr'><strong>senis:</strong></span> 
     </span>
     <span class='ocr_line' id='line_1_12' title="bbox 243 1312 1102 1387; baseline 0.001 -17"><span class='ocrx_word' id='word_1_71' title='bbox 243 1314 269 1370; x_wconf 90' lang='grc'><strong>5.</strong></span> <span class='ocrx_word' id='word_1_72' title='bbox 292 1313 387 1370; x_wconf 75' lang='lat' dir='ltr'><strong>«eata</strong></span> <span class='ocrx_word' id='word_1_73' title='bbox 405 1312 461 1371; x_wconf 86' lang='lat' dir='ltr'><strong>luit</strong></span> <span class='ocrx_word' id='word_1_74' title='bbox 480 1312 624 1384; x_wconf 85' lang='lat' dir='ltr'><strong>coniunx,</strong></span> <span class='ocrx_word' id='word_1_75' title='bbox 643 1312 757 1387; x_wconf 84' lang='lat' dir='ltr'><strong>primae</strong></span> <span class='ocrx_word' id='word_1_76' title='bbox 778 1313 852 1371; x_wconf 89' lang='lat' dir='ltr'><strong>mihi</strong></span> <span class='ocrx_word' id='word_1_77' title='bbox 872 1331 945 1370; x_wconf 90' lang='lat' dir='ltr'><strong>cura</strong></span> <span class='ocrx_word' id='word_1_78' title='bbox 964 1313 1102 1371; x_wconf 89' lang='lat' dir='ltr'><strong>iuventae</strong></span> 
     </span>
     <span class='ocr_line' id='line_1_13' title="bbox 350 1395 1120 1475; baseline 0 -21"><span class='ocrx_word' id='word_1_79' title='bbox 350 1396 496 1472; x_wconf 80' lang='lat' dir='ltr'><strong>Cognita3</strong></span> <span class='ocrx_word' id='word_1_80' title='bbox 517 1395 671 1475; x_wconf 72' lang='lat' dir='ltr'><strong>nuncubi</strong></span> <span class='ocrx_word' id='word_1_81' title='bbox 690 1395 737 1467; x_wconf 92' lang='lat' dir='ltr'><strong>sit,</strong></span> <span class='ocrx_word' id='word_1_82' title='bbox 758 1396 923 1472; x_wconf 81' lang='lat' dir='ltr'><strong>quaeritis?</strong></span> <span class='ocrx_word' id='word_1_83' title='bbox 942 1414 1018 1454; x_wconf 89' lang='lat' dir='ltr'><strong>urna</strong></span> <span class='ocrx_word' id='word_1_84' title='bbox 1038 1397 1120 1472; x_wconf 83' lang='lat' dir='ltr'><strong>tegit.</strong></span> 
     </span>
     <span class='ocr_line' id='line_1_14' title="bbox 292 1479 974 1555; baseline 0.003 -19"><span class='ocrx_word' id='word_1_85' title='bbox 292 1479 372 1536; x_wconf 91' lang='lat' dir='ltr'><strong>Huic</strong></span> <span class='ocrx_word' id='word_1_86' title='bbox 391 1497 446 1555; x_wconf 87' lang='lat' dir='ltr'><strong>ego</strong></span> <span class='ocrx_word' id='word_1_87' title='bbox 468 1479 582 1540; x_wconf 90' lang='lat' dir='ltr'><strong>iuratus</strong></span> <span class='ocrx_word' id='word_1_88' title='bbox 600 1479 686 1538; x_wconf 90' lang='lat' dir='ltr'><strong>vobis</strong></span> <span class='ocrx_word' id='word_1_89' title='bbox 706 1479 737 1537; x_wconf 90' lang='lat' dir='ltr'><strong>in</strong></span> <span class='ocrx_word' id='word_1_90' title='bbox 756 1481 846 1538; x_wconf 87' lang='lat' dir='ltr'><strong>verba</strong></span> <span class='ocrx_word' id='word_1_91' title='bbox 861 1480 974 1538; x_wconf 88' lang='lat' dir='ltr'><strong>vocatis</strong></span> 
     </span>
     <span class='ocr_line' id='line_1_15' title="bbox 350 1562 1043 1637; baseline 0 -17"><span class='ocrx_word' id='word_1_92' title='bbox 350 1562 581 1637; x_wconf 59' lang='lat' dir='ltr'><strong>«reoniugiop»</strong></span> <span class='ocrx_word' id='word_1_93' title='bbox 603 1562 677 1634; x_wconf 83' lang='lat' dir='ltr'><strong>dixi,</strong></span> <span class='ocrx_word' id='word_1_94' title='bbox 699 1563 796 1620; x_wconf 67' lang='lat' dir='ltr'><strong>«isola</strong></span> <span class='ocrx_word' id='word_1_95' title='bbox 815 1563 913 1621; x_wconf 86' lang='lat' dir='ltr'><strong>fruere</strong></span> <span class='ocrx_word' id='word_1_96' title='bbox 933 1580 1043 1622; x_wconf 68' lang='lat' dir='ltr'><strong>meon»</strong></span> 
     </span>
     <span class='ocr_line' id='line_1_16' title="bbox 123 1639 1046 1714; baseline 0 -10"><span class='ocrx_word' id='word_1_97' title='bbox 123 1709 125 1714; x_wconf 63' lang='grc'>,</span> <span class='ocrx_word' id='word_1_98' title='bbox 292 1647 330 1704; x_wconf 92' lang='lat' dir='ltr'><strong>Et</strong></span> <span class='ocrx_word' id='word_1_99' title='bbox 350 1645 412 1704; x_wconf 80' lang='lat' dir='ltr'><strong>dixi</strong></span> <span class='ocrx_word' id='word_1_100' title='bbox 431 1658 461 1704; x_wconf 92' lang='lat' dir='ltr'><strong>et</strong></span> <span class='ocrx_word' id='word_1_101' title='bbox 480 1663 577 1704; x_wconf 88' lang='lat' dir='ltr'><strong>servo.</strong></span> <span class='ocrx_word' id='word_1_102' title='bbox 599 1645 751 1704; x_wconf 80' lang='lat' dir='ltr'><strong>sedenim</strong></span> <span class='ocrx_word' id='word_1_103' title='bbox 772 1647 887 1704; x_wconf 87' lang='lat' dir='ltr'><strong>diversa</strong></span> <span class='ocrx_word' id='word_1_104' title='bbox 906 1639 1046 1704; x_wconf 86' lang='lat' dir='ltr'><strong>voluntas</strong></span> 
     </span>
     <span class='ocr_line' id='line_1_17' title="bbox 199 1723 1127 1805; baseline 0.003 -19"><span class='ocrx_word' id='word_1_105' title='bbox 199 1726 203 1730; x_wconf 75' lang='grc'>’</span> <span class='ocrx_word' id='word_1_106' title='bbox 325 1723 327 1728; x_wconf 73' lang='grc'><strong>’</strong></span> <span class='ocrx_word' id='word_1_107' title='bbox 350 1730 404 1787; x_wconf 92' lang='lat' dir='ltr'><strong>Est</strong></span> <span class='ocrx_word' id='word_1_108' title='bbox 423 1729 514 1802; x_wconf 79' lang='lat' dir='ltr'><strong>mihi3</strong></span> <span class='ocrx_word' id='word_1_109' title='bbox 535 1747 590 1786; x_wconf 91' lang='lat' dir='ltr'><strong>nec</strong></span> <span class='ocrx_word' id='word_1_110' title='bbox 609 1729 752 1798; x_wconf 86' lang='lat' dir='ltr'><strong>coniunx,</strong></span> <span class='ocrx_word' id='word_1_111' title='bbox 774 1727 826 1788; x_wconf 85' lang='lat' dir='ltr'><strong>sed</strong></span> <span class='ocrx_word' id='word_1_112' title='bbox 845 1743 931 1805; x_wconf 88' lang='lat' dir='ltr'><strong>pater</strong></span> <span class='ocrx_word' id='word_1_113' title='bbox 949 1745 1012 1789; x_wconf 84' lang='lat' dir='ltr'><strong>esse</strong></span> <span class='ocrx_word' id='word_1_114' title='bbox 1032 1733 1127 1790; x_wconf 74' lang='lat' dir='ltr'><strong>volo.-</strong></span> 
     </span>
     <span class='ocr_line' id='line_1_18' title="bbox 148 1813 1042 1889; baseline 0.003 -19"><span class='ocrx_word' id='word_1_115' title='bbox 148 1839 152 1846; x_wconf 93' lang='lat'>·</span> <span class='ocrx_word' id='word_1_116' title='bbox 243 1813 271 1870; x_wconf 87' lang='lat'><strong>6.</strong></span> <span class='ocrx_word' id='word_1_117' title='bbox 291 1816 471 1872; x_wconf 85' lang='lat' dir='ltr'><strong>Annuerant</strong></span> <span class='ocrx_word' id='word_1_118' title='bbox 489 1831 613 1885; x_wconf 82' lang='lat' dir='ltr'><strong>omnes3</strong></span> <span class='ocrx_word' id='word_1_119' title='bbox 638 1831 744 1872; x_wconf 89' lang='lat' dir='ltr'><strong>omnes</strong></span> <span class='ocrx_word' id='word_1_120' title='bbox 763 1815 802 1872; x_wconf 86' lang='lat' dir='ltr'><strong>ad</strong></span> <span class='ocrx_word' id='word_1_121' title='bbox 820 1827 903 1889; x_wconf 85' lang='lat' dir='ltr'><strong>terga</strong></span> <span class='ocrx_word' id='word_1_122' title='bbox 922 1813 1042 1874; x_wconf 88' lang='lat' dir='ltr'><strong>iuvenci</strong></span> 
     </span>
     <span class='ocr_line' id='line_1_19' title="bbox 349 1897 1060 1974; baseline 0.003 -19"><span class='ocrx_word' id='word_1_123' title='bbox 349 1897 555 1957; x_wconf 77' lang='lat' dir='ltr'><strong>Constiterant</strong></span> <span class='ocrx_word' id='word_1_124' title='bbox 573 1929 607 1941; x_wconf 91' lang='lat'>—</span> <span class='ocrx_word' id='word_1_125' title='bbox 628 1899 726 1973; x_wconf 91' lang='lat' dir='ltr'><strong>pudor</strong></span> <span class='ocrx_word' id='word_1_126' title='bbox 744 1911 788 1955; x_wconf 90' lang='lat' dir='ltr'><strong>est</strong></span> <span class='ocrx_word' id='word_1_127' title='bbox 807 1897 949 1956; x_wconf 77' lang='lat' dir='ltr'><strong>ulteriora</strong></span> <span class='ocrx_word' id='word_1_128' title='bbox 969 1899 1060 1974; x_wconf 90' lang='lat' dir='ltr'><strong>loqui.</strong></span> 
     </span>
     <span class='ocr_line' id='line_1_20' title="bbox 241 1977 984 2058; baseline 0.001 -20"><span class='ocrx_word' id='word_1_129' title='bbox 241 1977 269 2055; x_wconf 78' lang='lat'><strong>¹7.</strong></span> <span class='ocrx_word' id='word_1_130' title='bbox 291 1983 370 2039; x_wconf 88' lang='lat' dir='ltr'><strong>Tum</strong></span> <span class='ocrx_word' id='word_1_131' title='bbox 390 1981 577 2058; x_wconf 89' lang='lat' dir='ltr'><strong>superinecta</strong></span> <span class='ocrx_word' id='word_1_132' title='bbox 596 1995 696 2040; x_wconf 84' lang='lat' dir='ltr'><strong>texere</strong></span> <span class='ocrx_word' id='word_1_133' title='bbox 715 1981 866 2040; x_wconf 89' lang='lat' dir='ltr'><strong>madentia</strong></span> <span class='ocrx_word' id='word_1_134' title='bbox 884 1996 984 2040; x_wconf 88' lang='lat' dir='ltr'><strong>terra:</strong></span> 
     </span>
     <span class='ocr_line' id='line_1_21' title="bbox 243 2065 1065 2140; baseline 0.002 -18"><span class='ocrx_word' id='word_1_135' title='bbox 243 2066 268 2123; x_wconf 89' lang='lat'><strong>8.</strong></span> <span class='ocrx_word' id='word_1_136' title='bbox 347 2066 475 2140; x_wconf 87' lang='lat' dir='ltr'><strong>Jamque</strong></span> <span class='ocrx_word' id='word_1_137' title='bbox 495 2065 597 2124; x_wconf 88' lang='lat' dir='ltr'><strong>decem</strong></span> <span class='ocrx_word' id='word_1_138' title='bbox 617 2082 734 2122; x_wconf 86' lang='lat' dir='ltr'><strong>menses</strong></span> <span class='ocrx_word' id='word_1_139' title='bbox 752 2077 782 2123; x_wconf 93' lang='lat' dir='ltr'><strong>et</strong></span> <span class='ocrx_word' id='word_1_140' title='bbox 821 2082 875 2122; x_wconf 91' lang='lat' dir='ltr'><strong>uer</strong></span> <span class='ocrx_word' id='word_1_141' title='bbox 891 2078 975 2126; x_wconf 88' lang='lat' dir='ltr'><strong>ortus</strong></span> <span class='ocrx_word' id='word_1_142' title='bbox 995 2079 1065 2124; x_wconf 91' lang='lat' dir='ltr'><strong>erat.</strong></span> 
     </span>
     <span class='ocr_line' id='line_1_22' title="bbox 241 2084 1096 2224; baseline 0.001 -19"><span class='ocrx_word' id='word_1_143' title='bbox 241 2169 269 2223; x_wconf 87' lang='lat'><strong>9.</strong></span> <span class='ocrx_word' id='word_1_144' title='bbox 292 2150 382 2207; x_wconf 91' lang='lat' dir='ltr'><strong>Hunc</strong></span> <span class='ocrx_word' id='word_1_145' title='bbox 403 2149 545 2224; x_wconf 79' lang='lat' dir='ltr'><strong>Hyrieus,</strong></span> <span class='ocrx_word' id='word_1_146' title='bbox 565 2147 636 2224; x_wconf 92' lang='lat' dir='ltr'><strong>quia</strong></span> <span class='ocrx_word' id='word_1_147' title='bbox 656 2148 699 2206; x_wconf 92' lang='lat' dir='ltr'><strong>sic</strong></span> <span class='ocrx_word' id='word_1_148' title='bbox 717 2084 843 2223; x_wconf 48' lang='lat' dir='ltr'><strong>genitis,</strong></span> <span class='ocrx_word' id='word_1_149' title='bbox 865 2163 951 2207; x_wconf 90' lang='lat' dir='ltr'><strong>vocat</strong></span> <span class='ocrx_word' id='word_1_150' title='bbox 972 2149 1096 2207; x_wconf 87' lang='lat' dir='ltr'><strong>Uriona.</strong></span> 
     </span>
     <span class='ocr_line' id='line_1_23' title="bbox 228 2231 1085 2307; baseline 0 -18"><span class='ocrx_word' id='word_1_151' title='bbox 228 2250 268 2290; x_wconf 82' lang='lat' dir='ltr'><strong>ro.</strong></span> <span class='ocrx_word' id='word_1_152' title='bbox 350 2231 484 2290; x_wconf 88' lang='lat' dir='ltr'><strong>Perdidit</strong></span> <span class='ocrx_word' id='word_1_153' title='bbox 503 2231 662 2307; x_wconf 89' lang='lat' dir='ltr'><strong>antiquum</strong></span> <span class='ocrx_word' id='word_1_154' title='bbox 682 2231 778 2289; x_wconf 92' lang='lat' dir='ltr'><strong>littera</strong></span> <span class='ocrx_word' id='word_1_155' title='bbox 799 2231 895 2307; x_wconf 90' lang='lat' dir='ltr'><strong>prima</strong></span> <span class='ocrx_word' id='word_1_156' title='bbox 914 2249 1032 2290; x_wconf 89' lang='lat' dir='ltr'><strong>sonum.</strong></span> <span class='ocrx_word' id='word_1_157' title='bbox 1052 2263 1085 2276; x_wconf 88' lang='lat'>-</span> 
     </span>
    </p>
   </div>
   <div class='ocr_carea' id='block_1_3' title="bbox 125 2366 1257 2564">
    <p class='ocr_par' dir='ltr' id='par_1_3' title="bbox 125 2366 1257 2564">
     <span class='ocr_line' id='line_1_24' title="bbox 224 2366 1257 2458; baseline -0.005 -21"><span class='ocrx_word' id='word_1_158' title='bbox 224 2367 294 2438; x_wconf 91' lang='lat' dir='ltr'><strong>Hic</strong></span> <span class='ocrx_word' id='word_1_159' title='bbox 318 2368 464 2458; x_wconf 90' lang='lat' dir='ltr'><strong>paulum</strong></span> <span class='ocrx_word' id='word_1_160' title='bbox 490 2367 551 2458; x_wconf 92' lang='lat' dir='ltr'><strong>qui</strong></span> <span class='ocrx_word' id='word_1_161' title='bbox 579 2367 694 2458; x_wconf 87' lang='lat' dir='ltr'><strong>legent</strong></span> <span class='ocrx_word' id='word_1_162' title='bbox 718 2366 910 2436; x_wconf 85' lang='lat' dir='ltr'><strong>subsistere</strong></span> <span class='ocrx_word' id='word_1_163' title='bbox 934 2367 1053 2436; x_wconf 90' lang='lat' dir='ltr'><strong>velim.</strong></span> <span class='ocrx_word' id='word_1_164' title='bbox 1078 2367 1159 2436; x_wconf 86' lang='lat' dir='ltr'><strong>lam</strong></span> <span class='ocrx_word' id='word_1_165' title='bbox 1184 2385 1257 2456; x_wconf 89' lang='lat' dir='ltr'><strong>per·</strong></span> 
     </span>
     <span class='ocr_line' id='line_1_25' title="bbox 125 2487 307 2564; baseline -0.005 -25"><span class='ocrx_word' id='word_1_166' title='bbox 125 2487 246 2564; x_wconf 80' lang='lat' dir='ltr'><strong>gitur:</strong></span> <span class='ocrx_word' id='word_1_167' title='bbox 306 2525 307 2530; x_wconf 54' lang='grc'>,</span> 
     </span>
    </p>
   </div>
   <div class='ocr_carea' id='block_1_4' title="bbox 223 2595 1220 3259">
    <p class='ocr_par' dir='ltr' id='par_1_4' title="bbox 223 2595 1220 3259">
     <span class='ocr_line' id='line_1_26' title="bbox 344 2595 1213 2671; baseline -0.003 -16"><span class='ocrx_word' id='word_1_168' title='bbox 344 2599 486 2656; x_wconf 86' lang='lat' dir='ltr'><strong>Creverat</strong></span> <span class='ocrx_word' id='word_1_169' title='bbox 505 2597 710 2670; x_wconf 73' lang='lat' dir='ltr'><strong>immensum,</strong></span> <span class='ocrx_word' id='word_1_170' title='bbox 734 2597 878 2655; x_wconf 87' lang='lat' dir='ltr'><strong>comitem</strong></span> <span class='ocrx_word' id='word_1_171' title='bbox 899 2597 955 2655; x_wconf 89' lang='lat' dir='ltr'><strong>sibi</strong></span> <span class='ocrx_word' id='word_1_172' title='bbox 975 2595 1058 2654; x_wconf 91' lang='lat' dir='ltr'><strong>Delia</strong></span> <span class='ocrx_word' id='word_1_173' title='bbox 1078 2595 1213 2671; x_wconf 87' lang='lat' dir='ltr'><strong>sumpsit,</strong></span> 
     </span>
     <span class='ocr_line' id='line_1_27' title="bbox 223 2680 976 2754; baseline 0.001 -15"><span class='ocrx_word' id='word_1_174' title='bbox 223 2747 225 2752; x_wconf 50' lang='grc'>,</span> <span class='ocrx_word' id='word_1_175' title='bbox 399 2682 451 2739; x_wconf 91' lang='lat' dir='ltr'><strong>llle</strong></span> <span class='ocrx_word' id='word_1_176' title='bbox 472 2683 545 2739; x_wconf 90' lang='lat' dir='ltr'><strong>deae</strong></span> <span class='ocrx_word' id='word_1_177' title='bbox 565 2696 677 2754; x_wconf 86' lang='lat' dir='ltr'><strong>custos,</strong></span> <span class='ocrx_word' id='word_1_178' title='bbox 699 2680 746 2738; x_wconf 89' lang='lat' dir='ltr'><strong>ille</strong></span> <span class='ocrx_word' id='word_1_179' title='bbox 766 2681 885 2740; x_wconf 89' lang='lat' dir='ltr'><strong>satelles</strong></span> <span class='ocrx_word' id='word_1_180' title='bbox 906 2694 976 2740; x_wconf 90' lang='lat' dir='ltr'><strong>erat.</strong></span> 
     </span>
     <span class='ocr_line' id='line_1_28' title="bbox 284 2765 1113 2841; baseline -0.002 -19"><span class='ocrx_word' id='word_1_181' title='bbox 284 2767 384 2824; x_wconf 86' lang='lat' dir='ltr'><strong>Verba</strong></span> <span class='ocrx_word' id='word_1_182' title='bbox 403 2778 525 2823; x_wconf 89' lang='lat' dir='ltr'><strong>movent</strong></span> <span class='ocrx_word' id='word_1_183' title='bbox 544 2765 619 2823; x_wconf 89' lang='lat' dir='ltr'><strong>iram</strong></span> <span class='ocrx_word' id='word_1_184' title='bbox 640 2783 701 2823; x_wconf 90' lang='lat' dir='ltr'><strong>non</strong></span> <span class='ocrx_word' id='word_1_185' title='bbox 722 2765 940 2841; x_wconf 88' lang='lat' dir='ltr'><strong>circumspecta</strong></span> <span class='ocrx_word' id='word_1_186' title='bbox 963 2766 1113 2823; x_wconf 88' lang='lat' dir='ltr'><strong>deorum:</strong></span> 
     </span>
     <span class='ocr_line' id='line_1_29' title="bbox 346 2847 1220 2925; baseline -0.002 -21"><span class='ocrx_word' id='word_1_187' title='bbox 346 2851 470 2921; x_wconf 69' lang='lat' dir='ltr'><strong>«Quam</strong></span> <span class='ocrx_word' id='word_1_188' title='bbox 489 2867 665 2925; x_wconf 66' lang='lat' dir='ltr'><strong>nequeam·</strong></span> <span class='ocrx_word' id='word_1_189' title='bbox 688 2849 773 2922; x_wconf 84' lang='lat' dir='ltr'><strong>dixit,</strong></span> <span class='ocrx_word' id='word_1_190' title='bbox 795 2851 940 2920; x_wconf 76' lang='lat' dir='ltr'><strong>«vincere,</strong></span> <span class='ocrx_word' id='word_1_191' title='bbox 965 2848 1045 2906; x_wconf 89' lang='lat' dir='ltr'><strong>nulla</strong></span> <span class='ocrx_word' id='word_1_192' title='bbox 1067 2847 1128 2906; x_wconf 85' lang='lat' dir='ltr'><strong>fera</strong></span> <span class='ocrx_word' id='word_1_193' title='bbox 1147 2862 1220 2906; x_wconf 78' lang='lat' dir='ltr'><strong>est.»</strong></span> 
     </span>
     <span class='ocr_line' id='line_1_30' title="bbox 286 2931 1014 3011; baseline -0.005 -19"><span class='ocrx_word' id='word_1_194' title='bbox 286 2933 435 3008; x_wconf 86' lang='lat' dir='ltr'><strong>Scorpion</strong></span> <span class='ocrx_word' id='word_1_195' title='bbox 455 2933 581 2991; x_wconf 88' lang='lat' dir='ltr'><strong>immisit</strong></span> <span class='ocrx_word' id='word_1_196' title='bbox 598 2933 709 2992; x_wconf 82' lang='lat' dir='ltr'><strong>Tellus.</strong></span> <span class='ocrx_word' id='word_1_197' title='bbox 732 2933 802 2990; x_wconf 86' lang='lat' dir='ltr'><strong>Fuit</strong></span> <span class='ocrx_word' id='word_1_198' title='bbox 821 2933 953 3011; x_wconf 84' lang='lat' dir='ltr'><strong>impetus</strong></span> <span class='ocrx_word' id='word_1_199' title='bbox 972 2931 1014 2989; x_wconf 94' lang='lat' dir='ltr'><strong>illi</strong></span> 
     </span>
     <span class='ocr_line' id='line_1_31' title="bbox 307 3015 1001 3092; baseline 0 -18"><span class='ocrx_word' id='word_1_200' title='bbox 307 3037 310 3041; x_wconf 93' lang='grc'><em>·</em></span> <span class='ocrx_word' id='word_1_201' title='bbox 345 3017 444 3074; x_wconf 85' lang='lat' dir='ltr'><strong>Curva</strong></span> <span class='ocrx_word' id='word_1_202' title='bbox 463 3015 669 3092; x_wconf 82' lang='lat' dir='ltr'><strong>gemelliparae</strong></span> <span class='ocrx_word' id='word_1_203' title='bbox 689 3016 804 3091; x_wconf 90' lang='lat' dir='ltr'><strong>spicula</strong></span> <span class='ocrx_word' id='word_1_204' title='bbox 823 3015 900 3074; x_wconf 85' lang='lat' dir='ltr'><strong>ferre</strong></span> <span class='ocrx_word' id='word_1_205' title='bbox 921 3017 1001 3074; x_wconf 88' lang='lat' dir='ltr'><strong>deae.</strong></span> 
     </span>
     <span class='ocr_line' id='line_1_32' title="bbox 285 3097 966 3159; baseline -0.003 -1"><span class='ocrx_word' id='word_1_206' title='bbox 285 3100 410 3159; x_wconf 86' lang='lat' dir='ltr'><strong>Obstitit</strong></span> <span class='ocrx_word' id='word_1_207' title='bbox 429 3097 534 3158; x_wconf 91' lang='lat' dir='ltr'><strong>Orion.</strong></span> <span class='ocrx_word' id='word_1_208' title='bbox 555 3101 675 3159; x_wconf 71' lang='lat' dir='ltr'><strong>Latona</strong></span> <span class='ocrx_word' id='word_1_209' title='bbox 695 3099 860 3157; x_wconf 89' lang='lat' dir='ltr'><strong>nitentibus</strong></span> <span class='ocrx_word' id='word_1_210' title='bbox 880 3099 966 3156; x_wconf 90' lang='lat' dir='ltr'><strong>astris</strong></span> 
     </span>
     <span class='ocr_line' id='line_1_33' title="bbox 344 3181 1114 3259; baseline 0 -19"><span class='ocrx_word' id='word_1_211' title='bbox 344 3181 471 3243; x_wconf 87' lang='lat' dir='ltr'><strong>Addidit</strong></span> <span class='ocrx_word' id='word_1_212' title='bbox 489 3196 518 3240; x_wconf 92' lang='lat' dir='ltr'><strong>et</strong></span> <span class='ocrx_word' id='word_1_213' title='bbox 539 3183 657 3240; x_wconf 78' lang='lat' dir='ltr'><strong>«meriti</strong></span> <span class='ocrx_word' id='word_1_214' title='bbox 676 3182 844 3258; x_wconf 76' lang='lat' dir='ltr'><strong>praemia»,</strong></span> <span class='ocrx_word' id='word_1_215' title='bbox 864 3182 949 3254; x_wconf 83' lang='lat' dir='ltr'><strong>dixit,</strong></span> <span class='ocrx_word' id='word_1_216' title='bbox 972 3183 1080 3240; x_wconf 70' lang='lat' dir='ltr'><strong>«habe.</strong></span> <span class='ocrx_word' id='word_1_217' title='bbox 1094 3205 1114 3259; x_wconf 31' lang='grc'><strong>»-</strong></span> 
     </span>
    </p>
   </div>
   <div class='ocr_carea' id='block_1_5' title="bbox 127 3315 1257 4338">
    <p class='ocr_par' dir='ltr' id='par_1_5' title="bbox 127 3315 1257 4338">
     <span class='ocr_line' id='line_1_34' title="bbox 140 3315 1255 3434; baseline 0.003 -32"><span class='ocrx_word' id='word_1_218' title='bbox 140 3315 142 3320; x_wconf 44' lang='grc'>’</span> <span class='ocrx_word' id='word_1_219' title='bbox 225 3331 465 3423; x_wconf 86' lang='lat' dir='ltr'><strong>Euphorionis</strong></span> <span class='ocrx_word' id='word_1_220' title='bbox 504 3332 613 3434; x_wconf 82' lang='lat' dir='ltr'><strong>verba</strong></span> <span class='ocrx_word' id='word_1_221' title='bbox 653 3332 682 3400; x_wconf 91' lang='lat' dir='ltr'><strong>si</strong></span> <span class='ocrx_word' id='word_1_222' title='bbox 718 3354 799 3400; x_wconf 92' lang='lat' dir='ltr'><strong>cum</strong></span> <span class='ocrx_word' id='word_1_223' title='bbox 841 3330 1020 3402; x_wconf 88' lang='lat' dir='ltr'><strong>Ovidiana</strong></span> <span class='ocrx_word' id='word_1_224' title='bbox 1057 3320 1255 3405; x_wconf 86' lang='lat' dir='ltr'><strong>narratione</strong></span> 
     </span>
     <span class='ocr_line' id='line_1_35' title="bbox 127 3446 1256 3538; baseline 0.001 -20"><span class='ocrx_word' id='word_1_225' title='bbox 127 3469 394 3538; x_wconf 88' lang='lat' dir='ltr'><strong>comparamus,</strong></span> <span class='ocrx_word' id='word_1_226' title='bbox 411 3446 564 3516; x_wconf 87' lang='lat' dir='ltr'><strong>maxima</strong></span> <span class='ocrx_word' id='word_1_227' title='bbox 574 3447 729 3516; x_wconf 88' lang='lat' dir='ltr'><strong>cernitur</strong></span> <span class='ocrx_word' id='word_1_228' title='bbox 740 3447 938 3534; x_wconf 90' lang='lat' dir='ltr'><strong>consensio,</strong></span> <span class='ocrx_word' id='word_1_229' title='bbox 951 3449 1038 3517; x_wconf 89' lang='lat' dir='ltr'><strong>adeo</strong></span> <span class='ocrx_word' id='word_1_230' title='bbox 1053 3464 1103 3530; x_wconf 91' lang='lat' dir='ltr'><strong>ut,</strong></span> <span class='ocrx_word' id='word_1_231' title='bbox 1123 3449 1152 3518; x_wconf 90' lang='lat' dir='ltr'><strong>si</strong></span> <span class='ocrx_word' id='word_1_232' title='bbox 1167 3450 1256 3520; x_wconf 85' lang='lat' dir='ltr'><strong>forte</strong></span> 
     </span>
     <span class='ocr_line' id='line_1_36' title="bbox 129 3561 1255 3655; baseline 0 -21"><span class='ocrx_word' id='word_1_233' title='bbox 129 3566 379 3654; x_wconf 88' lang='lat' dir='ltr'><strong>ignoraremus</strong></span> <span class='ocrx_word' id='word_1_234' title='bbox 408 3562 604 3653; x_wconf 87' lang='lat' dir='ltr'><strong>pedestrem</strong></span> <span class='ocrx_word' id='word_1_235' title='bbox 630 3561 727 3631; x_wconf 90' lang='lat' dir='ltr'><strong>illam</strong></span> <span class='ocrx_word' id='word_1_236' title='bbox 760 3562 944 3632; x_wconf 89' lang='lat' dir='ltr'><strong>historiam</strong></span> <span class='ocrx_word' id='word_1_237' title='bbox 968 3585 1009 3633; x_wconf 81' lang='lat' dir='ltr'><strong>ex</strong></span> <span class='ocrx_word' id='word_1_238' title='bbox 1026 3564 1255 3655; x_wconf 88' lang='lat' dir='ltr'><strong>Euphorione</strong></span> 
     </span>
     <span class='ocr_line' id='line_1_37' title="bbox 130 3675 1256 3769; baseline -0.001 -22"><span class='ocrx_word' id='word_1_239' title='bbox 130 3679 360 3769; x_wconf 88' lang='lat' dir='ltr'><strong>desumptam</strong></span> <span class='ocrx_word' id='word_1_240' title='bbox 399 3699 488 3763; x_wconf 89' lang='lat' dir='ltr'><strong>esse,</strong></span> <span class='ocrx_word' id='word_1_241' title='bbox 520 3680 560 3747; x_wconf 73' lang='lat' dir='ltr'><strong>ei</strong></span> <span class='ocrx_word' id='word_1_242' title='bbox 600 3677 736 3768; x_wconf 89' lang='lat' dir='ltr'><strong>poetica</strong></span> <span class='ocrx_word' id='word_1_243' title='bbox 767 3675 891 3748; x_wconf 84' lang='lat' dir='ltr'><strong>Ovidii</strong></span> <span class='ocrx_word' id='word_1_244' title='bbox 932 3678 1038 3749; x_wconf 92' lang='lat' dir='ltr'><strong>verba</strong></span> <span class='ocrx_word' id='word_1_245' title='bbox 1066 3679 1256 3749; x_wconf 89' lang='lat' dir='ltr'><strong>accuratis·</strong></span> 
     </span>
     <span class='ocr_line' id='line_1_38' title="bbox 130 3790 1256 3884; baseline -0.001 -23"><span class='ocrx_word' id='word_1_246' title='bbox 130 3793 226 3861; x_wconf 88' lang='lat' dir='ltr'><strong>sime</strong></span> <span class='ocrx_word' id='word_1_247' title='bbox 244 3790 381 3861; x_wconf 90' lang='lat' dir='ltr'><strong>reddita</strong></span> <span class='ocrx_word' id='word_1_248' title='bbox 395 3813 469 3860; x_wconf 90' lang='lat' dir='ltr'><strong>esse</strong></span> <span class='ocrx_word' id='word_1_249' title='bbox 485 3790 735 3861; x_wconf 80' lang='lat' dir='ltr'><strong>indicaremus.</strong></span> <span class='ocrx_word' id='word_1_250' title='bbox 766 3793 857 3862; x_wconf 90' lang='lat' dir='ltr'><strong>Tres</strong></span> <span class='ocrx_word' id='word_1_251' title='bbox 887 3810 1033 3884; x_wconf 90' lang='lat' dir='ltr'><strong>uterque</strong></span> <span class='ocrx_word' id='word_1_252' title='bbox 1057 3794 1142 3862; x_wconf 88' lang='lat' dir='ltr'><strong>deos</strong></span> <span class='ocrx_word' id='word_1_253' title='bbox 1169 3810 1256 3863; x_wconf 91' lang='lat' dir='ltr'><strong>tecta</strong></span> 
     </span>
     <span class='ocr_line' id='line_1_39' title="bbox 131 3903 1257 3995; baseline 0.003 -22"><span class='ocrx_word' id='word_1_254' title='bbox 131 3903 401 3994; x_wconf 88' lang='lat' dir='ltr'><strong>hospitalissimi</strong></span> <span class='ocrx_word' id='word_1_255' title='bbox 427 3904 582 3973; x_wconf 86' lang='lat' dir='ltr'><strong>hominis</strong></span> <span class='ocrx_word' id='word_1_256' title='bbox 606 3905 755 3976; x_wconf 91' lang='lat' dir='ltr'><strong>subiisse</strong></span> <span class='ocrx_word' id='word_1_257' title='bbox 780 3905 895 3976; x_wconf 84' lang='lat' dir='ltr'><strong>refert.</strong></span> <span class='ocrx_word' id='word_1_258' title='bbox 921 3904 1043 3995; x_wconf 87' lang='lat' dir='ltr'><strong>Quam</strong></span> <span class='ocrx_word' id='word_1_259' title='bbox 1068 3907 1188 3977; x_wconf 88' lang='lat' dir='ltr'><strong>laudat</strong></span> <span class='ocrx_word' id='word_1_260' title='bbox 1216 3929 1257 3976; x_wconf 88' lang='lat' dir='ltr'><strong>ex</strong></span> 
     </span>
     <span class='ocr_line' id='line_1_40' title="bbox 132 4007 1257 4110; baseline 0 -22"><span class='ocrx_word' id='word_1_261' title='bbox 132 4017 368 4108; x_wconf 91' lang='lat' dir='ltr'><strong>Euphorione</strong></span> <span class='ocrx_word' id='word_1_262' title='bbox 394 4017 582 4087; x_wconf 90' lang='lat' dir='ltr'><strong>scholiasta</strong></span> <span class='ocrx_word' id='word_1_263' title='bbox 598 4007 821 4110; x_wconf 74' lang='grc' dir='ltr'>φιλοφροσύνὴν,</span> <span class='ocrx_word' id='word_1_264' title='bbox 839 4041 949 4110; x_wconf 88' lang='lat' dir='ltr'><strong>quam</strong></span> <span class='ocrx_word' id='word_1_265' title='bbox 963 4018 1088 4106; x_wconf 51' lang='lat' dir='ltr'><strong>¹festive</strong></span> <span class='ocrx_word' id='word_1_266' title='bbox 1104 4019 1257 4091; x_wconf 89' lang='lat' dir='ltr'><strong>Ovidius</strong></span> 
     </span>
     <span class='ocr_line' id='line_1_41' title="bbox 131 4126 1256 4227; baseline 0.002 -25"><span class='ocrx_word' id='word_1_267' title='bbox 131 4131 323 4221; x_wconf 85' lang='lat' dir='ltr'><strong>expressit!</strong></span> <span class='ocrx_word' id='word_1_268' title='bbox 350 4133 430 4202; x_wconf 90' lang='lat' dir='ltr'><strong>Jam</strong></span> <span class='ocrx_word' id='word_1_269' title='bbox 451 4133 496 4201; x_wconf 91' lang='lat' dir='ltr'><strong>de</strong></span> <span class='ocrx_word' id='word_1_270' title='bbox 515 4126 640 4224; x_wconf 87' lang='lat' dir='ltr'><strong>optato</strong></span> <span class='ocrx_word' id='word_1_271' title='bbox 663 4133 759 4215; x_wconf 89' lang='lat' dir='ltr'><strong>senis</strong></span> <span class='ocrx_word' id='word_1_272' title='bbox 781 4133 905 4205; x_wconf 89' lang='lat' dir='ltr'><strong>eadem</strong></span> <span class='ocrx_word' id='word_1_273' title='bbox 929 4152 1133 4220; x_wconf 73' lang='lat' dir='ltr'><strong>narrantur,</strong></span> <span class='ocrx_word' id='word_1_274' title='bbox 1159 4136 1256 4227; x_wconf 92' lang='lat' dir='ltr'><strong>quod</strong></span> 
     </span>
     <span class='ocr_line' id='line_1_42' title="bbox 131 4246 1257 4338; baseline 0.001 -23"><span class='ocrx_word' id='word_1_275' title='bbox 131 4268 208 4338; x_wconf 92' lang='lat' dir='ltr'><strong>qua</strong></span> <span class='ocrx_word' id='word_1_276' title='bbox 247 4247 381 4317; x_wconf 88' lang='lat' dir='ltr'><strong>ratione</strong></span> <span class='ocrx_word' id='word_1_277' title='bbox 418 4247 474 4316; x_wconf 88' lang='lat' dir='ltr'><strong>dei</strong></span> <span class='ocrx_word' id='word_1_278' title='bbox 505 4264 620 4316; x_wconf 89' lang='lat' dir='ltr'><strong>ratum</strong></span> <span class='ocrx_word' id='word_1_279' title='bbox 659 4246 814 4333; x_wconf 84' lang='lat' dir='ltr'><strong>fecerint,</strong></span> <span class='ocrx_word' id='word_1_280' title='bbox 853 4247 922 4317; x_wconf 89' lang='lat' dir='ltr'><strong>nisi</strong></span> <span class='ocrx_word' id='word_1_281' title='bbox 960 4249 1056 4338; x_wconf 90' lang='lat' dir='ltr'><strong>quod</strong></span> <span class='ocrx_word' id='word_1_282' title='bbox 1094 4250 1257 4319; x_wconf 90' lang='lat' dir='ltr'><strong>Romano</strong></span> 
     </span>
    </p>
   </div>
   <div class='ocr_carea' id='block_1_6' title="bbox 0 0 1444 4700">
    <p class='ocr_par' dir='ltr' id='par_1_6' title="bbox 0 0 1444 4700">
     <span class='ocr_line' id='line_1_43' title="bbox 0 0 1444 4700; baseline 0 0"><span class='ocrx_word' id='word_1_283' title='bbox 0 0 1444 4700; x_wconf 95' lang='lat' dir='ltr'><strong> </strong></span> 
     </span>
    </p>
   </div>
  </div>
 </body>
</html>
