2876 4700
627 141 677 154 ....
727 101 871 181 36..

193 277 300 366 βύρσαν
343 273 566 364 ἀπεσπέρμηναν
602 272 648 361 εἰς,
673 273 785 346 αὐτ-ὲν6
820 273 871 338 καὶ
904 276 1058 340 ἐκέλευσαν
1094 271 1202 366 κριίψαι
1233 274 1315 343 κατὰ

190 392 269 481 γῆνί
302 387 355 471 καὶ
383 385 459 479 parit
486 378 561 472 δέκα
591 388 709 479 μῆναςῦ
737 387 899 456 ἀνελέσθαι.
931 385 971 453 ὧν
1001 379 1176 458 διελθόντων
1198 391 1315 482 ἐγένετο

191 501 341 594 ὁολρίων
368 503 462 578 οὕτως
487 501 660 594 ὀνομασθείς
684 493 735 568 διὰ
766 503 802 569 τὸ
817 505 966 594 οὐρῆσαι,9
997 505 1115 595 ὥσπερ*
1137 505 1205 582 τοὺς
1220 503 1311 584 θεούς,

189 620 294 684 ἔπειτα
324 608 357 683 δὲ
377 617 463 702 ,κατ’
487 616 682 708 εὐφημισμὸν
719 614 864 707 ’sipiritum
910 624 1132 710 συγκυνηγιτῶν
1160 610 1194 685 δὲ
1227 599 1315 697 οὗτος

196 722 349 823 ’λρτέριιθι
379 729 561 822 ἐπιχείρησιν
588 732 677 803 αὐτὴν
710 729 870 814 βιάσασθαι
898 757 906 772 ·
940 730 1106 824 ὀργισθεῖσα
1143 723 1177 798 δὲ
1204 737 1223 806 ἡ
1252 733 1314 810 θεὸς
1345 727 1347 730 ’

190 836 335 912 ἀνίθωκεν
363 847 398 912 ἐκ
425 853 480 936 γῆς
503 843 659 936 Ισκορπίον,
690 844 720 922 ὃς
751 845 838 911 αὐτὸν
866 839 982 924 πλήξας
1012 845 1093 913 κατὰ
1119 847 1172 913 τὸν
1198 845 1312 938 οἷσπρά-

188 964 282 1050 γοιλον
309 957 473 1025 ἀπέκτεινε.
508 957 575 1034 Ζεὺς
606 949 639 1024 δὲ
666 956 859 1048 συμπαθιίρας
883 960 1091 1050 κατηστέρισεν
1114 958 1234 1024 auus.
1265 951 1314 1024 διὸ

188 1081 241 1140 τοῦ
258 1071 396 1165 σκορπίου
413 1071 627 1155 ἀνατελλοντος
648 1070 747 1163 Ὠρίων
761 1063 840 1138 θύνει
852 1123 864 1162 .·
883 1077 902 1146 ἡ
920 1071 1033 1166 ἱστορία
1045 1071 1126 1166 παρὰ
1139 1073 1310 1165 Εὐρορίωνι.

189 1184 424 1276 Spurcissima
449 1201 500 1253 cst
516 1184 560 1254 de
588 1182 723 1275 origine
736 1181 892 1254 -Orionis
915 1184 1081 1274 narratio,
1108 1207 1216 1277 quam
1240 1187 1312 1276 pri·

189 1321 288 1370 mum
313 1299 616 1390 Euphorionem
631 1297 755 1369 litteris
780 1300 964 1370 mandasse
981 1300 1060 1388 vveri
1084 1300 1312 1388 simillimum

187 1433 252 1501 est,
286 1415 353 1484 nisi
386 1415 514 1484 rectius
545 1415 633 1484 duas
662 1431 779 1505 partes
810 1415 899 1484 hanc
927 1415 1147 1488 historiolam
1176 1403 1311 1504 habere

188 1532 258 1600 iam
288 1552 381 1601 nunc
411 1531 605 1601 notandum
639 1530 715 1616 erit,
746 1529 894 1599 alteram
928 1531 977 1615 de
1003 1531 1190 1618 natalibus,
1222 1533 1311 1602 alte-

187 1669 261 1716 ram
291 1649 335 1718 de
366 1663 480 1736 wmorte
509 1643 675 1729 Orionis3
706 1645 881 1735 equibus
905 1646 1112 1736 gravissima
1143 1668 1310 1739 quaeque

186 1761 312 1851 prioris
357 1759 465 1853 partis
503 1779 735 1840 numerorum
782 1757 892 1849 signis
934 1759 1066 1844 notavi,
1106 1777 1146 1829 ut
1186 1761 1310 1851 aptius

185 1875 401 1947 Ovidianam
416 1874 572 1973 fabulam
590 1872 754 1948 cumhac
771 1875 1002 1942 conferamus.
1023 1875 1114 1944 Fast.
1137 1875 1159 1944 l.
1173 1875 1218 1959 V,
1234 1879 1308 1966 495

185 2007 298 2080 sequ
911 2075 916 2084 .

338 2116 476 2192 Juppiter
495 2129 524 2172 et
543 2116 604 2172 lato
624 2113 676 2189 qui
696 2128 798 2194 regnat
818 2114 849 2170 in
869 2129 998 2189 aequore
1018 2113 1109 2171 frater

292 2221 316 2259 ο.
398 2201 567 2275 Carpebant
586 2198 681 2256 socias
701 2197 928 2272 Mercuriusque
947 2196 1010 2255 vias

249 2277 251 2280 ’
336 2287 469 2359 Tempus
488 2295 562 2354 erat,
582 2299 643 2357 quo
662 2298 747 2338 versa
766 2280 836 2355 iugo
856 2281 1026 2338 referuntur
1044 2295 1151 2353 aratra,

397 2371 435 2426 Et
454 2384 567 2444 pronus
586 2357 707 2423 saturae¹
722 2367 768 2423 lac
786 2365 861 2423 bibit
879 2383 974 2441 agnus
993 2366 1066 2425 ovis.

339 2455 427 2510 Forte
446 2468 536 2508 senex
553 2449 689 2524 Hyrieus,
710 2448 829 2523 angusti
848 2450 947 2507 cultor
965 2449 1063 2524 agelli,

396 2538 462 2594 Hos
481 2535 573 2605 videt,
594 2532 732 2608 exiguam
753 2535 850 2590 stabat
869 2546 903 2590 ut
921 2547 989 2590 ante
1008 2550 1116 2593 casam.

335 2623 434 2696 Atque
454 2619 494 2677 ita
515 2619 624 2694 «longa
643 2616 690 2674 via
714 2631 757 2675 est
777 2635 832 2676 nec
850 2631 987 2692 tempora
1006 2613 1095 2692 longa
1114 2635 1306 2692 supersunt.»

293 2727 315 2762 ι.
396 2703 487 2775 Dixit,
509 2714 564 2759 «et
583 2701 751 2776 hospitibus
771 2701 860 2764 ianua
880 2716 982 2758 nostra
1002 2715 1110 2776 patet.»

336 2787 462 2847 Addidit
481 2798 510 2843 et
529 2785 642 2843 voltum
661 2784 761 2841 verbis
781 2784 951 2860 iterumque
970 2784 1112 2861 rogavit.¹

395 2873 501 2929 Parent
521 2869 675 2945 promissis
694 2867 942 2943 dissimulantque
962 2870 1042 2928 deos.
1110 2896 1112 2901 ·
1194 2905 1199 2915 ·

335 2958 427 3014 Tecta
447 2953 529 3017 senis
546 2955 674 3012 subeunt
694 2953 780 3028 nigro
800 2953 947 3011 deformia
966 2953 1068 3026 fumo3

392 3038 472 3114 Ignis
489 3037 522 3094 in
541 3036 680 3094 hesterno
701 3036 801 3112 stipite
821 3054 928 3111 parvus
947 3039 1020 3094 erat.

287 3124 312 3178 3.
334 3123 400 3197 Ipse
419 3137 498 3195 genu
518 3119 606 3177 nixus
625 3119 761 3176 flammas
780 3119 941 3177 exsuscitat
960 3137 1041 3191 aura,

392 3206 431 3262 Et
451 3203 563 3278 promit
582 3221 706 3276 quassas
724 3202 964 3278 comminuitque
983 3202 1068 3262 faces.

302 3349 306 3357 ,
334 3292 421 3348 Stant
439 3287 562 3358 calices3
587 3287 688 3344 minor
706 3287 775 3345 inde
793 3287 885 3359 fabas,
906 3288 994 3345 holus
1013 3289 1088 3346 alter
1107 3289 1250 3364 habebat,
1313 3305 1318 3315 '

390 3375 429 3432 Et
448 3385 588 3447 spumant
606 3385 684 3429 testu
704 3388 821 3446 pressus
841 3385 965 3446 uterque
983 3389 1047 3429 suo.

333 3459 472 3531 Dumque
492 3457 577 3512 'mora
596 3469 648 3527 est,
666 3456 793 3524 tremula
813 3455 863 3510 dat
881 3454 951 3511 vina
971 3455 1107 3513 rubentia
1127 3457 1240 3514 dextra.

388 3538 503 3613 Accipit
523 3555 688 3613 aequoreus
708 3538 816 3612 pocula
835 3537 931 3611 prima
951 3539 1047 3596 deus·

331 3625 415 3693 Quae
434 3622 523 3680 simul
543 3620 689 3693 exhausit,
711 3621 871 3677 «danunc
890 3621 973 3678 bibat
992 3621 1132 3694 ordine»,
1153 3621 1238 3692 dixit,

390 3706 525 3781 «Jupiter
534 3723 565 3761 n:
586 3705 688 3786 audito
704 3705 813 3787 palluit
832 3705 880 3762 ille
899 3708 981 3764 Jove.

245 3889 258 3918 ἃ
271 3883 428 3952 Quatenus
441 3879 588 3938 Pindarus
608 3881 790 3936 obscoenam
808 3879 955 3954 originem
970 3881 1152 3954 cognoverit,
1164 3879 1302 3942 dubium

175 3981 226 4024 est.
249 3965 356 4024 Strabo
376 3983 440 4038 pag.
461 3980 540 4035 404:
569 3963 658 4048 Ὑρία,
687 3965 754 4026 ὅπου
777 3963 790 4024 ὃ
818 3963 922 4048 Ὑριεὺς
950 3967 1115 4042 μεμύθευται
1135 3964 1182 4026 καὶ
1202 3967 1220 4041 ἡ
1245 3977 1305 4032 τοῦ

178 4055 309 4136 Ὠρίωνος
329 4057 450 4138 γένεσιςρ
467 4058 584 4142 ἥνρησι
605 4055 740 4142 Πίνδαρος
760 4055 788 4144 ἐν
803 4057 1061 4140 τοῖςὲιθυροίμβσις.
1098 4077 1101 4084 ·
