2824 4700
513 263 657 338 ...59
707 237 755 320 ,ς

62 439 113 508 sit
136 439 282 532 trago.
321 415 376 510 ιο
397 438 432 508 in
465 437 553 522 fine,
584 441 599 504 ι
639 429 671 506 δι
706 437 853 536 nappin
889 443 943 511 ιιι
985 439 1081 532 υνυς,
1114 440 1199 530 aaa

64 552 134 644 περὶ
163 562 217 630 τοῦ
238 553 385 640 Διονύσου,
420 553 469 637 ὅτι
493 557 561 628 ταῖς
593 549 769 642 γυναικείαις
800 544 918 630 τάξεσιν
950 553 1199 646 ἐγκελευσάμενος

63 659 202 758 inpiatis
231 669 284 739 τὴν
313 655 530 761 Εὐρυμέδοντος
557 663 661 750 πόλιν,
694 665 834 732 τουτέστι
854 667 902 754 Υτὸ
934 667 1055 759 Ἄργος.
1104 673 1194 758 Ευρυ-

66 774 172 872 μέδων
196 773 229 850 δὲ
257 785 273 848 ὁ
302 779 424 874 Περσεὺς
453 781 605 846 ἐκαλεῖτο.
654 779 750 850 Cum
787 779 842 848 his
872 781 1047 852 consentit
1072 801 1197 851 versus

66 895 170 964 Non.
193 915 253 984 47,
277 893 360 978 668,
380 891 432 980 aul
445 893 478 958 νυ’
500 917 548 958 κεν
563 879 673 984 *Αργος
695 893 797 986 ἔπερσε
812 891 864 962 καὶ
889 881 1021 986 inpluit
1040 895 1194 971 Μυκήνας.

66 1008 233 1080 Retinuit
275 1009 383 1100 igitur
422 1031 464 1078 ex
494 1008 554 1078 illo
594 1008 786 1100 exemplari
810 1008 1021 1080 tralaticium
1047 1031 1193 1080 sensum

13 1173 14 1176 ,
65 1123 169 1194 verbi
197 1116 354 1214 τρηνίζιιν,
387 1121 433 1191 ob
463 1142 571 1214 quem
599 1121 783 1214 Euphorio
805 1145 824 1192 a
848 1123 1079 1220 grammatico
1109 1144 1195 1213 quo·

65 1240 153 1306 dam
187 1237 243 1308 Et.
278 1236 399 1328 Magni
428 1235 510 1328 687,
547 1235 592 1306 26
624 1236 907 1328 reprehenditur.

161 1500 193 1547 ν.
220 1476 433 1560 hditiantus¹
454 1499 546 1554 nunc
570 1476 706 1566 aliquot
727 1457 922 1568 fragmenta
944 1465 1193 1550 Chalcidensis

12 1607 13 1694 j
68 1610 208 1684 poetae,
242 1615 333 1681 quae
360 1575 491 1683 quibus
519 1591 738 1661 carminibus
771 1593 983 1690 assignanda
1007 1591 1089 1676 sint,
1120 1583 1191 1662 non

69 1730 137 1797 pro
178 1723 360 1796 comperto
393 1704 575 1776 habemus.
628 1704 792 1777 Primum
833 1706 979 1796 quidem
1019 1707 1195 1798 integrum

70 1821 314 1911 Euphorionis
343 1841 482 1889 versum
511 1818 673 1912 Ἀγχίαλον
696 1828 850 1914 Βραυρῶνα
873 1823 1002 1914 κενηριον
1033 1820 1199 1914 Ἰριγενείης

72 1936 209 2026 (fragm.
237 1935 293 2022 ὃν)
325 1934 361 2002 in
391 1955 498 2003 suum
523 1933 655 2004 librum
680 1935 867 2006 transferre
896 1957 965 2005 non
989 1936 1120 2006 veritus
1144 1954 1197 2004 est

75 2083 113 2108 =
159 2049 240 2135 r3‚·
270 2049 351 2134 168,
381 2065 493 2138 atque
526 2048 560 2117 id
603 2047 638 2118 in
678 2072 718 2120 ea
771 2048 938 2120 carminis
978 2065 1094 2139 parte,
1133 2047 1195 2117 ubi

74 2163 265 2249 exercitum
288 2162 561 2253 Atheniensium
596 2165 775 2234 Bacchum
809 2180 970 2253 secutum
1002 2164 1089 2232 dum
1120 2184 1196 2252 per·

73 2295 201 2362 censet,
230 2278 343 2348 multa
378 2277 532 2369 proferat
561 2278 605 2348 ad
637 2276 770 2353 Atticas
800 2276 936 2346 fabulas
968 2278 1196 2368 pertinentia,

73 2393 194 2483 quales
235 2393 502 2482 Euphorionem
533 2391 577 2460 in
601 2389 770 2481 ΙΜαγνησίας
802 2392 958 2460 carmine
997 2391 1196 2462 narravisse

74 2506 249 2597 probabili
281 2507 418 2594 ratione
449 2505 613 2576 conicias.
663 2505 816 2576 Gravius
853 2527 935 2600 vero
972 2506 1007 2575 id
1048 2506 1194 2591 accedit,

73 2621 169 2712 quod
195 2621 347 2692 Nonnus
363 2637 484 2695 contra
500 2620 785 2712 Euphorionem,
815 2643 834 2688 a
861 2620 962 2696 cuius
988 2619 1197 2710 auctoritate

72 2736 237 2825 pendeat,
262 2734 531 2826 quodammodo
552 2733 638 2806 dicit
661 2752 695 2804 et
724 2735 885 2804 consulto
914 2756 988 2804 rem
1012 2734 1188 2806 immutat.

74 2853 125 2922 Ut
145 2849 596 2941 Wilamouitzpexposuit,
636 2851 778 2937 (Herm.
819 2850 855 2919 in
896 2852 964 2920 vol.
1014 2853 1068 2936 18,
1111 2852 1196 2940 abo)

70 2965 205 3034 dixerat
239 2965 296 3034 ille
336 2966 517 3034 Braurone
557 2963 664 3034 fuisse
698 2964 898 3057 arinulphi,
941 2965 1034 3035 unde
1075 2965 1194 3056 ipsum

67 3077 148 3170 ipim
180 3078 250 3148 alio
287 3079 677 3167 locodemonstratum
716 3078 855 3148 finxisse
889 3100 971 3167 eum
1009 3095 1191 3168 sequatur.

69 3195 353 3268 Nonnusautem
365 3194 749 3285 Brauronenseaoa'pnv
766 3192 935 3262 intellexit
956 3214 1040 3262 eum
1059 3194 1192 3277 locum,

69 3306 131 3374 ubi
172 3305 288 3376 falsa
328 3305 546 3398 opinione
585 3307 806 3398 Iphigeniam
849 3308 1071 3376 immolatam
1114 3331 1190 3376 esse

68 3418 239 3488 traditum
256 3434 345 3488 esset
358 3457 403 3470 -
419 3417 549 3490 scilicet
571 3420 615 3488 ab
633 3419 878 3510 Euphorione.
935 3420 1031 3491 Nam
1056 3441 1191 3510 paucos

68 3554 193 3603 versus
238 3549 339 3602 antea
378 3532 557 3623 vulgarius
601 3533 687 3603 illud
736 3534 932 3604 Aulidense
981 3533 1192 3604 sacrificium

68 3647 365 3720 commemoravit
397 3669 433 3731 v,
471 3650 547 3716 105.

574 3750 701 3826 Αὐλίδα
752 3787 788 3826 .·

158 3871 211 3964 εἶχε
238 3870 288 3940 θεὰ
317 3873 479 3964 βαρύμηνις
507 3871 674 3963 ὀρεσσαύλῳ
706 3868 787 3963 παρὰ
817 3873 911 3963 βωμῷ
993 3945 995 3950 ,
1086 3934 1088 3940 .

158 3979 251 4055 δέκτο
280 3983 437 4058 θυηπολίην
467 3976 652 4076 ψευδημονυς
679 3981 862 4088 Ἰριγρνείης,

159 4103 209 4168 καὶ
235 4105 330 4192 κέμας
357 4099 549 4193 υύρεσίροιτος
578 4097 709 4192 ἀμεμρέι
740 4099 842 4166 καίετο
872 4107 972 4193 tripoli

157 4215 325 4306 ἁρπαγένης
348 4213 428 4279 νόθον
456 4204 532 4288 εἶδος
564 4211 686 4290 dindina
719 4211 894 4304 Ἰρεγενείης.
