2824 4700
658 301 900 377 ..yss...

218 472 323 542 etiam
346 467 393 546 'et
421 499 511 568 quae
549 493 662 548 cetera
698 475 804 547 huius
842 477 999 570 generis'
1016 484 1128 550 sunt?
1159 480 1216 550 En
1244 481 1332 572 apud

216 579 488 679 Euphorionem
519 591 637 664 Niobe
669 609 751 682 post
783 591 901 674 tristia
941 615 1088 662 suorum
1116 593 1187 664 lata
1222 593 1333 685 lapide

218 725 386 776 conversa
413 737 451 770 ε
479 706 530 778 Μ.
563 708 646 792 ιδίας
679 706 782 782 Saro·
802 724 959 794 venator,
990 729 1073 778 cum
1098 707 1139 778 in
1158 729 1255 778 mare
1285 707 1333 777 in·

217 815 323 903 cidat,
346 839 487 891 ‘nomen
525 819 556 890 ei
593 819 718 890 indens
751 852 789 880 =
828 820 904 912 139.
954 819 1045 892 Orio
1075 821 1166 892 mira
1204 821 1332 915 origine

218 949 321 1000 natus
345 931 435 1004 inter
459 933 574 1004 sidera
597 951 757 1027 receptus
787 936 964 1026 108,1op.
1004 935 1182 1006 Narratur
1194 935 1334 1006 Aiacem

218 1062 252 1114 et
284 1047 526 1137 Hyacinthum
563 1048 600 1118 in
639 1048 871 1140 hyacinthum
898 1047 1024 1118 florem
1056 1048 1119 1136 36,
1164 1048 1335 1140 Harpaly-

217 1181 295 1229 cem
326 1159 362 1228 in
383 1151 519 1250 χαλκίδα
540 1183 641 1232 avem
664 1161 952 1232 transformatam
975 1171 1053 1233 esse
1081 1185 1138 1234 ao.
1170 1160 1338 1254 Exposuit

219 1289 322 1361 poeta
350 1272 394 1343 dc
420 1273 550 1343 aconiti
579 1274 728 1367 origine,
762 1273 820 1360 28,
848 1275 891 1344 de
917 1274 1073 1346 Crimisa
1102 1298 1123 1345 a
1147 1272 1337 1344 Philocteta

217 1384 358 1454 condita
387 1407 452 1473 40,
484 1387 528 1456 de
555 1387 656 1480 'Hyla
686 1410 706 1457 a
739 1385 906 1480 nymphis
940 1405 1043 1479 rapto
1078 1409 1143 1480 94,
1188 1409 1270 1479 149,
1300 1387 1337 1455 de

219 1497 406 1590 Iphigenia
432 1499 554 1570 divina
582 1524 649 1593 ope
677 1526 695 1571 e
726 1501 885 1594 periculo
916 1501 1028 1572 bestia
1068 1501 1251 1594 supposita
1281 1501 1336 1569 ab·

219 1611 288 1680 lata
314 1610 372 1696 81,
397 1612 447 1681 'de
482 1613 617 1683 Edessa
647 1610 734 1684 urbe
764 1621 795 1683 a'
812 1612 953 1685 Carano
979 1617 1167 1704 caprarum
1196 1613 1337 1683 nomine

219 1724 338 1792 denuo
362 1725 568 1818 instaurata,
600 1748 657 1815 24.
692 1728 761 1798 His
794 1727 830 1797 in
866 1727 1074 1800 universum
1100 1727 1172 1798 fere
1201 1726 1337 1796 monitis

220 1838 354 1930 aliquot
376 1839 472 1909 locos
494 1839 695 1911 Ovidianos
726 1842 895 1926 tractabo,
913 1863 1020 1932 'quos
1050 1863 1091 1912 ex
1112 1840 1335 1934 Euphorione

220 1974 303 2021 eum
327 1954 573 2044 desumpsisse
602 1976 811 2046 persuasum
841 1955 966 2026 habeo.
1374 2037 1377 2044 ,

304 2065 342 2135 ¹r.
371 2067 614 2158 Euphorionei
648 2069 774 2160 fragm.
806 2070 865 2140 131
894 2070 1003 2140 verba
1027 2070 1111 2140 haec
1141 2086 1246 2158 sunta
1263 2068 1336 2134 οἰνιῖ

219 2181 405 2273 &maleam
427 2191 482 2260 τῆς
510 2175 675 2276 Ἀρτέμιδος
697 2184 802 2251 θυσιῶν
824 2188 910 2253 ἕνεκα
932 2184 1028 2262 ήθεὸς
1051 2185 1219 2278 ὀργισθεῖσα
1232 2181 1337 2274 ἔτερψε

218 2303 257 2387 τῇ
271 2294 357 2361 πόλει
370 2304 420 2361 σῦν
444 2292 557 2388 ἄγριον,
574 2296 623 2388 ἐρ’
636 2295 667 2363 ὃν
684 2295 755 2370 ἦλθε
768 2297 910 2390 στρατεία
924 2303 984 2364 τῶν
1005 2297 1145 2389 ἀριστέων
1161 2307 1222 2391 τῆς,
1233 2295 1337 2364 Ἑλλά-

219 2402 269 2486 δος
295 2449 341 2463 -
364 2404 430 2502 μεθ’
450 2409 489 2475 ὧν
517 2409 552 2484 ἦν
575 2412 627 2478 καὶ
647 2418 663 2480 ὁ
686 2399 839 2505 Θερσίτης,
872 2413 903 2490 ὃς
932 2404 1077 2490 δειλωθεὶς
1105 2409 1261 2501 anehalt
1288 2415 1337 2482 riv
1394 2441 1395 2454 ι

217 2529 446 2617 παραρολακὴν,
472 2526 521 2618 ἐρ’
538 2525 572 2604 ἧς
599 2526 636 2600 ἦν
665 2527 718 2594 καὶ
737 2526 866 2602 ἀπῆλθεν
893 2527 942 2595 ἐπί
957 2553 1024 2595 τινα
1039 2528 1131 2595 τόπον
1150 2526 1274 2618 ὑψηλὸν,
1290 2529 1338 2598 τὴν

219 2641 366 2733 σωτηρίαν
392 2641 565 2734 θηρώμενος·
598 2634 811 2734 ὀνειδιζόρανος
843 2633 877 2709 δὲ
903 2643 960 2710 ὑπὸ
988 2645 1159 2736 Μελεάγρου
1189 2634 1337 2718 ἐδιώκετο,

219 2755 270 2820 καὶ
298 2753 379 2821 κατὰ
408 2765 537 2847 κρημνοῦ
560 2758 657 2822 πεσὼν
681 2765 813 2832 τοιοῦτος
836 2759 951 2849 ἐγένετο
975 2753 1033 2826 οἷον
1060 2763 1075 2824 ὁ
1098 2759 1232 2850 ’Όμηρος
1258 2753 1339 2844 παρί-

219 2892 323 2939 στησιν
349 2921 356 2936 .
384 2867 494 2958 ἱστορεῖ
518 2867 677 2960 Εὐφορίων.
706 2869 895 2938 Induxerat
922 2867 1030 2961 igitur
1051 2869 1341 2960 Euphorio-sano
1393 2941 1394 2968 ,

220 2999 325 3072 atque
358 2981 508 3051 honesto
538 3003 685 3073 corpore
715 2981 904 3051 Thersiten
936 2999 1042 3073 atque
1074 2981 1182 3052 etiam
1205 3000 1340 3050 causam
1393 2977 1394 2988 ’

220 3113 441 3187 exposuerat,
476 3116 551 3179 cur,
583 3117 664 3164 cum
696 3112 797 3164 antea
817 3096 905 3166 ,talis
929 3114 1032 3182 esset,
1063 3118 1143 3166 eam
1177 3095 1339 3167 deformi-

221 3225 327 3279 tatem
355 3208 497 3278 habitus
530 3209 803 3295 nancisceretur,
837 3210 980 3300 qualem
1012 3211 1119 3302 vulgo
1146 3209 1181 3279 in
1205 3233 1246 3280 eo
1270 3231 1337 3278 cer·

221 3322 352 3390 nimus.
392 3323 473 3391 Jam
500 3338 622 3391 auctor
647 3321 765 3413 operis
790 3322 880 3414 epici
907 3323 963 3393 cui
993 3346 1122 3394 nomen
1142 3322 1274 3400 Αἰθιοπία
1297 3338 1342 3390 est

220 3436 409 3506 Thersiten
444 3436 555 3505 nobili
596 3434 683 3505 facie
721 3437 921 3526 praeditum
949 3437 1109 3525 finxerat,
1141 3439 1238 3529 quod
1270 3435 1341 3527 qui·
1392 3431 1393 3462 ¹

219 3553 301 3620 dem
319 3573 337 3619 e
353 3550 445 3620 libro
464 3551 479 3620 l
499 3549 631 3640 Quinti
649 3548 851 3642 Smyrnaei,
875 3551 931 3620 cui
945 3551 1093 3629 ὑποθέσεις
1111 3553 1218 3622 huius
1233 3549 1341 3643 operis

220 3687 285 3756 pro
310 3663 503 3754 exemplari
529 3662 636 3733 luisse
661 3682 807 3748 constat,
835 3683 930 3735 certo
957 3666 1116 3737 evincere
1141 3687 1337 3758 possumus.

218 3777 351 3870 Agrius
384 3777 493 3862 enim,
525 3777 581 3846 cui
606 3778 642 3846 in
669 3778 779 3847 Iliade
803 3777 921 3848 nullus
947 3797 1000 3849 est
1022 3780 1134 3866 locus,
1161 3780 1223 3871 qui
1247 3796 1338 3871 pater
1391 3809 1392 3874 y

219 3891 404 3960 Thersitae
435 3891 630 3972 dicebatur,
659 3893 766 3961 frater
796 3910 847 3962 est
879 3893 1008 3980 Oenei,
1039 3917 1058 3963 e
1090 3895 1192 3963 cuius
1213 3877 1336 3985 vgenere

219 4027 282 4095 per
313 4007 479 4097 Tydeum
513 4005 706 4076 Diomedes
744 4005 919 4097 originem
957 4008 1072 4078 habet.
1120 4009 1225 4080 Unde
1256 4006 1336 4078 Dio·

220 4120 339 4188 medes
369 4120 535 4189 Thersita
573 4121 616 4188 ab
645 4119 783 4188 Achille
813 4121 994 4191 interfecto
1026 4122 1077 4191 ira
1106 4124 1256 4214 graviter
1286 4122 1335 4190 in-

219 4231 423 4299 flammatus
452 4246 513 4297 est.
547 4230 561 4299 l
596 4232 675 4319 767.
