2824 4700
655 254 900 329 ..5ss-

212 432 320 506 etiam
352 431 386 502 in
426 430 579 501 dicendo
608 429 743 498 colores
782 450 821 498 ex
865 427 938 500 illis
966 433 1228 524 exemplaribus
1258 457 1338 505 mu·
1398 429 1399 440 ’

212 562 330 617 tuatus
361 562 462 629 esset,
499 543 587 614 scite
614 542 880 636 indagaverunt.
909 543 1064 616 Fabulas
1081 568 1180 634 vero,
1204 548 1338 641 quibus

213 658 346 752 passim
367 681 429 750 per
446 655 708 749 amplissimum
733 677 824 747 opus
847 657 949 747 quasi
974 653 1209 732 ‘ostentandae
1232 683 1339 731 causa

213 790 367 844 remotae
407 772 601 858 doctrinae,
640 772 735 841 velut
773 772 876 842 claris
906 773 1103 844 luminibus
1141 776 1338 846 orationem

212 887 295 958 satis
325 887 440 956 fusam
479 885 673 973 dixstinxit,
703 886 834 977 quibus
871 887 1074 959 auctoribus
1113 884 1261 975 debeat,
1295 892 1338 958 ad

213 1004 279 1073 hoc
303 1000 499 1072 accuratius
517 999 764 1090 explicandum
789 987 996 1088 nemodum,
1025 1022 1198 1096 quantum
1218 1005 1339 1089 video,

212 1114 367 1187 accessit.
398 1114 509 1185 Modo
534 1115 578 1184 de
610 1138 682 1185 uno
708 1114 929 1188 Callimacho
955 1119 1196 1210 exceptionem
1219 1117 1338 1187 facias.

214 1229 310 1300 Huic
339 1228 435 1299 enim
466 1249 578 1319 pauca
613 1231 786 1321 quaedam
826 1229 1035 1322 interpretes
1063 1255 1081 1301 e
1112 1231 1233 1301 Nonni
1263 1254 1341 1300 car·

213 1343 308 1414 mine
338 1342 583 1414 restituerunt:
620 1344 681 1413 sed
709 1344 883 1437 discerpta
912 1347 997 1418 haec
1025 1346 1091 1417 hoc
1120 1347 1225 1417 illove
1258 1347 1337 1418 loco

212 1458 387 1550 leguntur.
416 1459 461 1528 Et
484 1479 703 1549 quamquam
727 1482 747 1528 a
771 1460 894 1529 multis
920 1460 989 1531 iarn
1017 1460 1101 1531 viris
1126 1460 1341 1531 doctissimis
1399 1533 1400 1538 ,

211 1571 395 1662 cognitum
433 1589 487 1641 est
529 1592 699 1663 apparete
735 1573 892 1666 ·vestigia
937 1574 1219 1667 haudquaquam
1265 1596 1342 1643 rara
1399 1623 1400 1630 ο

211 1684 531 1755 Alexandrinarum
576 1686 669 1778 apud
718 1707 801 1756 eunt
847 1687 1064 1773 litterarum,
1120 1710 1340 1781 quamquam
1399 1709 1400 1712 ’

212 1797 353 1887 saepius
381 1797 416 1867 in
458 1815 663 1868 transcursu
693 1798 889 1870 similitudo
918 1803 1339 1893 quorundam-locorum

214 1912 397 1983 Nonniani
440 1913 608 1992 carminis
650 1935 732 1983 curn
785 1915 829 1984 ab
868 1916 945 1985 aliis
984 1934 1111 1986 tuma
1143 1916 1338 1998 Meinekio,

212 2025 314 2094 cuius
341 2025 482 2118 ingenio
509 2027 603 2097 utin
631 2028 811 2119 prioribus
838 2029 884 2099 ita
909 2031 944 2099 in
971 2032 1036 2101 hoc
1057 2052 1201 2121 quoque
1225 2029 1339 2121 capite

213 2139 325 2208 multa
365 2140 491 2226 debeo,
534 2140 712 2210 levissime
754 2142 964 2212 adumbrata
1008 2159 1072 2228 est,
1117 2141 1340 2212 desideratur

212 2269 328 2322 tamen
363 2253 477 2322 adhuc
505 2255 680 2345 quaestio,
707 2278 779 2347 qua
803 2256 886 2326 haec
918 2256 1040 2326 omnia
1062 2257 1206 2326 collecta
1233 2273 1339 2347 atque

211 2359 347 2437 ratione
380 2367 548 2459 disposita
581 2369 661 2439 sint.
713 2370 758 2439 Et
785 2370 958 2461 equidem¹
991 2369 1058 2438 hoc
1092 2368 1169 2439 loco
1210 2391 1337 2459 pauca,

211 2483 256 2550 de
296 2483 430 2551 Nonno
469 2482 724 2574 disputaverim
754 2485 998 2575 Euphorionis
1027 2484 1203 2554 imitatore
1233 2500 1339 2574 atque
1400 2485 1401 2574 l

212 2597 456 2690 compilatore,
502 2621 584 2668 cum
628 2622 742 2670 unum
779 2601 896 2669 locum
926 2624 944 2671 e
975 2600 1155 2672 Nicandro
1187 2599 1337 2689 petitum

213 2713 471 2807 praemiserim.

303 2829 492 2921 Scorpium
510 2830 623 2912 illum,
642 2853 715 2921 quo
732 2831 936 2900 vulneratus
962 2848 1013 2900 est
1033 2829 1139 2916 Orio,
1157 2829 1343 2900 Nicander

213 2943 297 3012 dicit
326 2936 531 3034 χαλαζῆεντα,
563 2943 734 3040 tralaticia
761 2943 906 3034 quidem
931 2943 1185 3035 significatione
1208 2943 1344 3033 quippe

213 3079 309 3142 eunt,
338 3057 400 3148 qui
425 3057 622 3127 mordendo
644 3057 681 3127 in
706 3057 749 3126 iis
784 3081 875 3148 quos
900 3057 1007 3127 laedit
1033 3079 1178 3128 sensum
1199 3055 1344 3148 grandi·

213 3173 292 3243 nosi
324 3176 378 3245 vel
407 3173 614 3265 gelidissimi
657 3173 800 3264 frigoris
842 3173 978 3243 efficiat.
1020 3172 1131 3263 Quod
1162 3171 1344 3264 epitheton

214 3289 379 3372 Nonnus,
409 3310 490 3357 cum
516 3288 666 3357 eandem
692 3308 764 3356 tem
793 3287 1017 3371 describeret,
1043 3285 1201 3369 retinuit,
1227 3308 1344 3375 neque

212 3420 331 3471 tamen
361 3401 404 3470 ad
427 3402 541 3493 ipsam
567 3401 728 3486 bestiam,
758 3402 819 3497 sed
843 3402 887 3470 ad
913 3401 1100 3470 stimulum
1125 3400 1214 3485 eius,
1231 3423 1343 3490 quent

214 3513 272 3583 ille
299 3515 477 3607 τεθηγμένον
506 3531 658 3600 vocarat,
687 3513 872 3583 audaciam
906 3513 1125 3584 Nicandreae
1148 3512 1342 3583 locutionis

213 3628 384 3698 vitaturus
423 3628 599 3699 adhibuit.
652 3629 809 3718 Uterque
847 3645 980 3714 autem,
1017 3651 1090 3719 quo
1128 3628 1235 3698 modo
1265 3649 1343 3697 rem

213 3762 418 3835 persecutus
446 3743 502 3828 sit,
538 3741 595 3812 hic
629 3741 750 3812 habes.
785 3743 964 3813 Nicander
999 3744 1107 3812 Ther.
1140 3744 1190 3812 13.

319 3860 375 3925 Τὸν
406 3851 440 3926 δὲ
462 3851 656 3951 χαλαζνίεντα
688 3859 758 3950 κόρη
782 3858 899 3935 Τιτηνὶς
940 3858 1030 3931 ἀνῆκε
1129 3917 1133 3926 .

320 3969 470 4064 σκορπίον,
500 3975 533 4038 ἐκ
566 3973 695 4062 κέντροιο
719 3971 911 4063 τεθηγμένον,
938 3969 1014 4064 ἦμος
1043 3974 1177 4063 ἐπέχραυ

322 4093 443 4169 Βοιωτῷ
469 4087 617 4176 τεύχουσα
640 4085 733 4150 κακὸν
761 4091 846 4176 μόρον
876 4083 1017 4176 irapinas,

325 4198 477 4289 ἀχράντων
506 4201 557 4264 ὅτε
584 4199 666 4290 χερσὶ
696 4198 759 4275 θεῆς
783 4192 927 4290 ἐδράξατο
956 4202 1090 4264 πέπλων.
1145 4207 1147 4210 ’
1363 4181 1370 4296 Ἰ,Ι

1369 4311 1372 4350 i

1368 4351 1372 4380 t
