2824 4700
665 258 908 334 ..30...

213 450 301 521 tem,
330 452 369 505 ut
396 457 459 526 par
485 452 557 518 est,
598 433 730 505 Nestor
760 430 1036 502 facundissimus
1073 445 1178 499 senes
1211 427 1327 518 explet.
1393 447 1394 468 ν

216 551 269 621 Ita
291 550 343 620 de
374 549 516 623 Caeneo
545 548 651 622 refert
678 547 928 638 descenditque
957 545 1001 615 ad
1032 561 1208 618 certamen
1246 541 1329 612 inter

215 663 414 750 Centauros
442 664 671 756 et‚Lapithas
704 661 957 744 commissum,
987 659 1044 732 cui
1084 659 1141 730 ille
1178 655 1327 728 interfuit

215 777 442 872 (158-535).
493 777 611 850 Pauca
640 776 768 849 deinde
812 774 1022 866 Tlepolemo
1045 775 1164 842 locuto
1209 773 1330 864 Nestor

218 892 346 964 iterum
397 911 599 962 sermonem
640 890 815 982 excipiens
863 885 1098 980 Periclymeni
1151 884 1220 957 lata
1266 883 1330 954 edit
1394 915 1395 922 .

217 1006 441 1099 (sto-576).
469 1008 575 1081 Novo
601 1005 762 1097 exemplo
788 1001 983 1075 sollertiam
1009 1001 1133 1075 Ovidii
1152 1001 1187 1070 in
1214 999 1331 1080 sabulis

216 1121 405 1194 commode
428 1120 643 1195 collocandis
667 1119 976 1212 deprehendimus.
1017 1117 1134 1210 Quid?
1166 1117 1219 1188 De
1243 1116 1332 1188 Peri·

215 1237 380 1327 clymeno
409 1236 494 1305 haec
526 1233 562 1304 in
594 1231 782 1325 principio,
803 1232 891 1304 dixit
907 1253 941 1302 v.
963 1231 1044 1302 556.

448 1429 451 1434 .
914 1372 963 1430 cui
983 1389 1071 1448 posse
1091 1371 1203 1448 figuras

485 1460 611 1518 Sumere
629 1475 704 1536 quas
723 1456 811 1516 vellet
830 1473 993 1532 rursusque
1014 1471 1162 1532 reponere
1181 1465 1309 1532 sumptas

490 1543 649 1617 Neptunus
669 1541 802 1600 dederat.
1296 1541 1299 1546 “

311 1651 553 1769 Euphorionis
578 1695 658 1772 post
672 1677 737 1748 hos
752 1697 896 1747 versum
911 1697 1115 1766 cognoscas.
1138 1675 1263 1766 fragm.
1281 1699 1331 1765 77.

233 1869 238 1877 ,
310 1794 369 1871 Ὃς
387 1793 423 1886 pal
451 1791 747 1884 (Periclymenus)
776 1815 810 1858 τι
838 1793 927 1856 πᾶσιν
955 1792 1051 1880 4ἔιιιτο
1086 1789 1246 1869 θάλαοοιος
1274 1791 1338 1862 ἠύτε

219 1907 366 2000 Πρωτεύς.
407 1906 540 1980 Eadem
571 1903 643 1976 fere
677 1926 767 1996 quae
795 1901 948 1975 Ovidius
988 1901 1113 1988 habet,
1150 1903 1218 1975 nisi
1247 1904 1335 1995 quod

220 2021 279 2090 ille
301 2019 550 2112 anadiploseos
576 2039 668 2110 quae
690 2034 836 2087 vocatur
860 2015 972 2108 figura
994 2015 1164 2104 adhibita,
1188 2016 1221 2088 id
1245 2019 1334 2110 quod

222 2133 408 2226 Euphorio
432 2132 548 2203 verbis
575 2134 665 2199 πᾶσιν
690 2131 772 2200 ἔικτο
796 2130 956 2206 θαλάσσιος
980 2131 1052 2205 sitiet
1081 2131 1215 2223 Πρωτεὺς
1244 2153 1334 2202 com·
1397 2169 1398 2214 ν

143 2249 147 2258 “
220 2244 420 2336 prehendit,
451 2244 486 2312 in
518 2244 606 2314 duas
636 2243 904 2334 quodammodo
933 2259 1048 2334 partes
1074 2243 1249 2316 distrahit.

312 2362 364 2432 De
395 2359 643 2452 Periclymene
661 2346 811 2448 autem„
825 2359 860 2429 id
878 2359 977 2452 quod
1002 2360 1145 2452 gravius
1169 2380 1234 2447 est,
1252 2363 1336 2432 Nes·

219 2465 335 2546 torem
365 2492 565 2546 narrantem
590 2474 724 2544 inducit
747 2473 915 2570 Ovidius,
943 2497 1024 2545 cum
1049 2495 1263 2548 conventum
1286 2478 1336 2546 vel

219 2589 442 2692 colloquium
474 2589 564 2660 inter
586 2591 694 2687 duces
714 2585 941 2684 ¹Graecorum
967 2591 1129 2662 habitum
1154 2594 1334 2665 describat.

223 2704 388 2786 Eundem
407 2705 597 2776 Nestorem
611 2704 656 2802 de
673 2703 840 2774 Troianis
855 2706 962 2794 rebus
981 2706 1184 2798 loquentem
1211 2709 1339 2780 effinxit

223 2818 408 2912 Euphorio
439 2815 632 2910 nescioquo
662 2818 698 2889 in
732 2819 899 2889 carmine.
948 2821 999 2891 M.
1034 2825 1077 2912 75
1111 2822 1222 2916 ὁμοίως
1251 2823 1339 2900 καὶὸ

217 2932 362 3024 Ελφορίων
397 2937 413 3000 ὁ
440 2935 567 3006 ποιηπλς
597 2933 650 2999 τὸν
681 2934 816 3026 Νέστορα
836 2933 963 3028 παράγει
978 2941 1134 3028 λέγοντα·
1159 2936 1186 3002 oi
1215 2930 1245 3004 δ’
1266 2937 1341 3006 aino

220 3046 378 3140 Σιμόεντος
398 3039 546 3148 ’spathae
575 3045 705 3140 ἤροοιμιν
735 3045 860 3133 ἵππους,
886 3048 1017 3138 quibus
1034 3049 1152 3134 verbis
1177 3051 1340 3145 conqueri

222 3163 327 3234 illum
358 3180 431 3232 tam
460 3163 552 3232 lente
584 3161 715 3231 Troiae
744 3163 1043 3255 expugnationem
1071 3167 1261 3255 procedere
1291 3169 1338 3237 M.

221 3276 398 3370 probabili
435 3275 571 3346 ratione
608 3276 808 3369 suspicatus
849 3293 911 3348 est.
962 3277 1116 3350 Graecos
1157 3303 1242 3350 vero
1277 3281 1339 3350 lre·

222 3407 370 3490 quenter
398 3391 580 3460 nocturnis
604 3393 826 3484 temporibus
853 3393 897 3465 ad
923 3393 1113 3464 Nestorem
1140 3417 1340 3489 congressos

222 3547 268 3558 -
306 3523 344 3576 ut
382 3523 435 3578 est
472 3506 567 3597 apud
601 3505 787 3601 Ovidium
815 3547 861 3562 --
898 3526 1083 3601 tamquam
1127 3529 1340 3603 aegrotantes

224 3620 351 3690 medici
381 3642 448 3721 ope
478 3643 553 3689 sese
582 3621 806 3714 adlevaturos
839 3623 1025 3714 Euphorio
1065 3647 1209 3718 quoque
1241 3625 1338 3700 nobis

223 3743 472 3828 repraesentat.
510 3738 581 3808 Pro
609 3738 887 3830 locupletissimo
902 3739 1110 3812 testimonio
1133 3742 1197 3812 hos
1223 3764 1338 3814 versus

223 3849 428 3940 superstites
455 3850 626 3920 habemus
651 3852 702 3921 M.
739 3854 795 3944 59.

312 3963 442 4033 πολλάκι
468 3963 495 4030 οἱ
524 3963 653 4059 κλισίῃσι
682 3967 897 4059 Πνληγινέεσσί
925 3991 958 4034 τε
987 3968 1084 4040 νηυσίν

217 4069 220 4076 ’
314 4078 436 4162 ἐννύχιοι
459 4077 602 4144 πίλναντο
631 4087 722 4147 νοσῶν
751 4080 825 4173 ἅπερ
847 4080 982 4174 ἰητῆρος.

224 4194 270 4262 de
300 4193 434 4284 quibus
462 4195 523 4290 clr.
561 4195 766 4266 Kaibelium
798 4199 923 4282 Herm.
957 4197 993 4267 in
1025 4200 1093 4268 vol.
1126 4159 1230 4272 XXII
1261 4199 1337 4268 508.
