2824 4700
648 247 893 322 ..46...

622 427 638 436 ’Δ
734 488 808 577 ιιι.

233 841 235 844 .
297 667 301 674 ⁵
336 659 554 810 meander
585 713 690 842 quid
731 656 998 844 Euphorioni
1032 699 1203 813 debeat.

310 1003 337 1047 1.
371 979 554 1073 Μολόθουρος
606 982 819 1054 vocabulum
861 985 990 1059 herbae
1040 983 1136 1076 apud
1181 980 1349 1072 primurn

215 1093 490 1185 Euphorionem
520 1094 659 1186 legitur,
691 1119 709 1168 e
740 1117 812 1191 quo
840 1098 1023 1170 Nicander
1047 1095 1190 1186 recepit.
1238 1093 1346 1164 Alex.

222 1227 285 1298 147
311 1206 371 1280 ποή
399 1232 438 1300 γεΙ
464 1208 532 1300 μὲν·
551 1207 601 1299 ὕψι
633 1209 766 1294 τέθηλιν,
790 1212 913 1304 οἵηπερ
949 1200 1142 1304 μολόθοορος,
1176 1207 1220 1278 ad
1253 1227 1350 1296 quae

217 1322 326 1398 verba
350 1323 459 1394 schol.
487 1325 631 1394 adnotat
653 1331 673 1400 ἡ
693 1326 866 1420 ριολοθοορος
886 1327 997 1412 βοτάνη
1023 1325 1116 1410 ἐστίν,
1137 1323 1274 1398 ἀιιθαλὴς
1298 1313 1347 1397 δέ,

218 1429 338 1502 διὸκαὶ
361 1436 507 1530 Εὐφορίων
522 1437 609 1529 puel:
634 1445 750 1516 πτῶκις
774 1439 980 1532 άιιχλώροιοιν
1003 1440 1140 1507 ἰαύεσκον
1154 1436 1351 1530 pertempta

216 1577 259 1612 =
283 1550 335 1620 M.
363 1551 420 1640 64.
482 1583 484 1588 ’

314 1685 346 1732 2.
375 1665 555 1757 Dionysus
595 1683 633 1736 ut
662 1683 714 1736 est
743 1667 1348 1758 apudEuphorionem·‘raopoxlpug

218 1777 347 1868 fragm.
386 1800 426 1868 14
454 1779 501 1848 ita
532 1782 627 1872 apud
653 1781 876 1852 Nicandrum
899 1782 1029 1874 κιρσιός.1
1053 1781 1110 1851 nl.
1150 1781 1207 1864 31,
1238 1797 1347 1870 atque

220 1891 257 1960 id
274 1890 311 1961 in
327 1914 368 1963 ea
384 1893 553 1962 carminis
578 1912 690 1984 parte,
718 1893 779 1966 ubi
803 1896 847 1964 de
870 1895 1009 1966 aconito
1026 1893 1102 1982 (cfr.
1121 1916 1158 1963 n.
1177 1895 1214 1982 8)
1229 1894 1348 1986 agitur

218 2027 335 2096 neque
365 2005 437 2075 ulla
467 2007 660 2097 probabilis
691 2029 797 2081 causa
827 2007 971 2078 subesse
1008 2007 1174 2092 videtur..
1192 2023 1254 2077 cur
1277 2007 1346 2076 hoc

181 2182 183 2188 .
217 2119 297 2188 loco
328 2120 430 2210 κιραός
457 2121 684 2213 potissimum
712 2122 917 2214 appelletur.

311 2235 343 2304 3.
362 2235 500 2316 Corvos
518 2255 765 2330 tempestatem
787 2239 990 2331 pluviosam
1006 2236 1169 2308 nuntiare
1186 2237 1343 2305 tradunt.

219 2349 272 2420 Ut
301 2353 433 2421 Aratus
463 2351 501 2421 in
525 2353 659 2424 Phaen.
686 2375 718 2421 v.
744 2354 848 2446 963.

309 2456 423 2538 δήποτε
453 2465 504 2532 καὶ
527 2466 622 2558 γινεοιὶ
652 2467 784 2560 κοράκων
816 2467 867 2534 καὶ
892 2473 971 2560 φῦλα
1001 2473 1125 2559 κολοιῶν
1233 2549 1235 2552 ¹

308 2571 419 2658 ὕδατος
437 2582 614 2674 ,ἐρχομένοιο
643 2583 707 2658 Διὸς
734 2582 806 2674 περὶ,
825 2587 898 2674 σῆμ’
930 2583 1075 2674 ἐγένοντο.

217 2693 268 2763 Et
296 2693 500 2785 Euphorio:
532 2693 707 2788 ὑιτόμοιντις
730 2697 782 2762 ὅτι
811 2689 965 2788 κρώξειε
990 2697 1113 2784 κορώνη.
1142 2699 1267 2786 lragm.
1287 2695 1347 2763 65.

218 2813 345 2900 Aeque
374 2832 413 2880 ac
443 2811 623 2881 Nicander
651 2811 759 2882 Ther.
794 2813 865 2901 406

542 2919 632 3018 ’κόραξ
662 2927 818 3018 ὀμβράρεοι·
839 2918 1005 3018 κράζων.
1138 3012 1140 3016 ι

310 3059 346 3126 4.
373 3039 559 3129 Euphorio
588 3040 789 3110 Minervam
827 3043 1009 3132 κεβλάγονον
1044 3038 1219 3130 tepuere
1257 3059 1353 3104 nun-

112 3210 115 3214 .
219 3169 327 3243 cupat
351 3151 417 3240 (M.
443 3155 520 3244 159)
542 3170 580 3222 ut
600 3153 712 3244 capite
727 3152 827 3224 lovis
842 3170 1006 3222 creatam.
1043 3142 1348 3224 Unde'Nicander

223 3285 436 3355 papaverem
463 3266 644 3358 κιβληγόνον
671 3284 784 3353 vocat,
810 3267 845 3334 h.
874 3289 904 3335 e.
932 3261 1039 3335 sensu
1062 3265 1189 3348 activo,
1216 3280 1255 3332 ut
1287 3264 1348 3354 qui

220 3377 360 3448 semina
412 3378 524 3469 capite
573 3395 666 3448 creat
711 3379 765 3450 vel
818 3360 938 3448 semen
987 3378 1021 3447 in
1068 3376 1181 3469 capite
1227 3377 1346 3446 habet.

220 3493 323 3562 Alex.
355 3491 436 3580 433.

313 3606 364 3673 καί
394 3631 428 3674 τε
458 3607 492 3672 σὺ
524 3609 657 3699 μήκωνος
673 3607 855 3700 κιβλιιγόνου
885 3607 998 3674 ὁππότε
1030 3599 1123 3696 δάκρυ

312 3721 446 3805 πίνωσιν,
461 3721 600 3788 πιττάθοιο
616 3721 789 3799 καθντνέας.
811 3723 977 3793 Ceterum
993 3737 1180 3809 utramque
1204 3735 1347 3810 poetam

221 3855 347 3906 vocem
387 3837 569 3928 κεβληγόνοο
607 3836 642 3905 in
684 3854 809 3928 quarta
841 3858 980 3934 versus¹
1002 3835 1084 3904 sede
1118 3833 1348 3902 collocavisse

222 3951 479 4021 animadverte.
778 3933 781 3938 ⁵

317 4071 349 4136 5.
381 4065 599 4158 Ἀτάρμοκτος’
628 4089 751 4137 vocem
774 4065 1069 4162 cx‘Euphorione
1093 4063 1235 4161 (fragm.
1271 4063 1351 4150 103)

224 4179 406 4250 Nicander
434 4181 612 4250 transtulit
638 4181 739 4249 Alex.
772 4182 848 4250 161.
889 4179 1072 4272 άταρριάκτῳ
1104 4179 1201 4271 φρενὸς
1226 4175 1348 4269 οἴστρῳ.
